@ARTICLE{finch2007,
       author = {{Finch}, Charlie T. and {Henry}, Todd J. and {Subasavage}, John P. and
         {Jao}, Wei-Chun and {Hambly}, Nigel C.},
        title = "{The Solar Neighborhood. XVIII. Discovery of New Proper-Motion Stars with 0.40`` yr$^{-1}$ > {\ensuremath{\mu}} >= 0.18'' yr$^{-1}$ between Declinations -90{\textdegree} and -47{\textdegree}}",
      journal = {\aj},
     keywords = {astrometry, solar neighborhood, stars: distances, stars: statistics, surveys, Astrophysics},
         year = 2007,
        month = jun,
       volume = {133},
       number = {6},
        pages = {2898-2907},
     abstract = "{We report 1606 new proper-motion systems in the southern sky
        (declinations -90{\textdegree} to -47{\textdegree}) with
        0.40$^{``}$ yr$^{-1}$$\gt${\ensuremath{\mu}}$\gt$=0.18$^{''}$
        yr$^{-1}$. This effort is a continuation of the SuperCOSMOS-
        RECONS (SCR) proper-motion search to lower proper motions than
        reported in Papers VIII, X, XII, and XV in this series. Distance
        estimates are presented for the new systems, assuming that all
        stars are on the main sequence. We find that 31 systems are
        within 25 pc, including two systems (SCR 0838-5855 and SCR
        1826-6542) that we anticipate to be within 10 pc. These new
        discoveries constitute a more than 10-fold increase in new
        systems found in the same region of sky searched for systems
        with {\ensuremath{\mu}}$\gt$=0.40$^{''}$ yr$^{-1}$, suggesting a
        happy hunting ground for new nearby slower proper-motion systems
        in the region just north (declinations -47{\textdegree} to
        0{\textdegree}), much of which has not been rigorously searched
        during previous efforts.}",
          doi = {10.1086/518164},
archivePrefix = {arXiv},
       eprint = {astro-ph/0703133},
 primaryClass = {astro-ph},
       adsurl = {https://ui.adsabs.harvard.edu/abs/2007AJ....133.2898F},
      adsnote = {Provided by the SAO/NASA Astrophysics Data System}
}



@article{koch2010,
  title = {Kepler {{Mission Design}}, {{Realized Photometric Performance}}, and {{Early Science}}},
  volume = {713},
  issn = {2041-8205, 2041-8213},
  doi = {10.1088/2041-8205/713/2/L79},
  timestamp = {2017-08-25T12:01:29Z},
  number = {2},
  urldate = {2017-08-25},
  journal = {\apj},
  author = {Koch, David G. and Borucki, William J. and Basri, Gibor and Batalha, Natalie M. and Brown, Timothy M. and Caldwell, Douglas and Christensen-Dalsgaard, J{\o}rgen and Cochran, William D. and DeVore, Edna and Dunham, Edward W. and Gautier, Thomas N. and Geary, John C. and Gilliland, Ronald L. and Gould, Alan and Jenkins, Jon and Kondo, Yoji and Latham, David W. and Lissauer, Jack J. and Marcy, Geoffrey and Monet, David and Sasselov, Dimitar and Boss, Alan and Brownlee, Donald and Caldwell, John and Dupree, Andrea K. and Howell, Steve B. and Kjeldsen, Hans and Meibom, S{\o}ren and Morrison, David and Owen, Tobias and Reitsema, Harold and Tarter, Jill and Bryson, Stephen T. and Dotson, Jessie L. and Gazis, Paul and Haas, Michael R. and Kolodziejczak, Jeffrey and Rowe, Jason F. and Van Cleve, Jeffrey E. and Allen, Christopher and Chandrasekaran, Hema and Clarke, Bruce D. and Li, Jie and Quintana, Elisa V. and Tenenbaum, Peter and Twicken, Joseph D. and Wu, Hayley},
  month = apr,
  year = {2010},
  keywords = {characterisation,instrument,Kepler},
  pages = {L79--L86},
  file = {Koch_ 2010_Kep.pdf:/media/ekaterina/OS/Users/Katja/Documents/Astro/Literature/Cool Stars and Magnetic Activity/Koch e_ 2010 _Kep.pdf:application/pdf},
  groups = {Cool Stars and Magnetic Activity}
}

@ARTICLE{kraus2014,
       author = {{Kraus}, Adam L. and {Shkolnik}, Evgenya L. and {Allers}, Katelyn N. and
         {Liu}, Michael C.},
        title = "{A Stellar Census of the Tucana-Horologium Moving Group}",
      journal = {\aj},
     keywords = {binaries: spectroscopic, open clusters and associations: individual: Tucana-Horologium, stars: activity, stars: kinematics and dynamics, stars: low-mass, stars: pre-main sequence, Astrophysics - Solar and Stellar Astrophysics},
         year = 2014,
        month = jun,
       volume = {147},
       number = {6},
          eid = {146},
        pages = {146},
     abstract = "{We report the selection and spectroscopic confirmation of 129 new late-
        type (SpT = K3-M6) members of the Tucana-Horologium moving
        group, a nearby (d \raisebox{-0.5ex}\textasciitilde 40 pc),
        young ({\ensuremath{\tau}} \raisebox{-0.5ex}\textasciitilde 40
        Myr) population of comoving stars. We also report observations
        for 13 of the 17 known Tuc-Hor members in this spectral type
        range, and that 62 additional candidates are likely to be
        unassociated field stars; the confirmation frequency for new
        candidates is therefore 129/191 = 67\%. We have used radial
        velocities, H{\ensuremath{\alpha}} emission, and Li$_{6708}$
        absorption to distinguish between contaminants and bona fide
        members. Our expanded census of Tuc-Hor increases the known
        population by a factor of \raisebox{-0.5ex}\textasciitilde3 in
        total and by a factor of \raisebox{-0.5ex}\textasciitilde8 for
        members with SpT $\gt$= K3, but even so, the K-M dwarf
        population of Tuc-Hor is still markedly incomplete. Our expanded
        census allows for a much more detailed study of Tuc-Hor than was
        previously feasible. The spatial distribution of members appears
        to trace a two-dimensional sheet, with a broad distribution in X
        and Y, but a very narrow distribution ({\ensuremath{\pm}}5 pc)
        in Z. The corresponding velocity distribution is very small,
        with a scatter of {\ensuremath{\pm}}1.1 km s$^{-1}$ about the
        mean UVW velocity for stars spanning the entire 50 pc extent of
        Tuc-Hor. We also show that the isochronal age
        ({\ensuremath{\tau}} \raisebox{-0.5ex}\textasciitilde 20-30 Myr)
        and the lithium depletion boundary age ({\ensuremath{\tau}}
        \raisebox{-0.5ex}\textasciitilde 40 Myr) disagree, following the
        trend in other pre-main-sequence populations for isochrones to
        yield systematically younger ages. The H{\ensuremath{\alpha}}
        emission line strength follows a trend of increasing equivalent
        width with later spectral type, as is seen for young clusters.
        We find that moving group members have been depleted of
        measurable lithium for spectral types of K7.0-M4.5. None of our
        targets have significant infrared excesses in the WISE W3 band,
        yielding an upper limit on warm debris disks of F $\lt$ 0.7\%.
        Finally, our purely kinematic and color-magnitude selection
        procedure allows us to test the efficiency and completeness for
        activity-based selection of young stars. We find that 60\% of
        K-M dwarfs in Tuc-Hor do not have ROSAT counterparts and would
        have been omitted in X-ray-selected samples. In contrast, GALEX
        UV-selected samples using a previously suggested criterion for
        youth achieve completeness of 77\% and purity of 78\%, and we
        suggest new SpT-dependent selection criteria that will yield
        $\gt$95\% completeness for {\ensuremath{\tau}}
        \raisebox{-0.5ex}\textasciitilde 40 Myr populations with GALEX
        data available.}",
          doi = {10.1088/0004-6256/147/6/146},
archivePrefix = {arXiv},
       eprint = {1403.0050},
 primaryClass = {astro-ph.SR},
       adsurl = {https://ui.adsabs.harvard.edu/abs/2014AJ....147..146K},
      adsnote = {Provided by the SAO/NASA Astrophysics Data System}
}



@ARTICLE{fuhrmeister2008,
       author = {{Fuhrmeister}, B. and {Liefke}, C. and {Schmitt}, J.~H.~M.~M. and
         {Reiners}, A.},
        title = "{Multiwavelength observations of a giant flare on CN Leonis. I. The chromosphere as seen in the optical spectra}",
      journal = {\aap},
     keywords = {stars: activity, stars: flare, stars: chromospheres, stars: late-type, stars: individual: CN Leo, Astrophysics},
         year = 2008,
        month = aug,
       volume = {487},
       number = {1},
        pages = {293-306},
     abstract = "{Aims: Flares on dM stars contain plasmas at very different temperatures
        and thus affect a wide wavelength range in the electromagnetic
        spectrum. While the coronal properties of flares are studied
        best in X-rays, the chromosphere of the star is observed best in
        the optical and ultraviolet ranges. Therefore, multiwavelength
        observations are essential to study flare properties throughout
        the atmosphere of a star. \textbackslashMethods: We analysed
        simultaneous observations with UVES/VLT and XMM-Newton of the
        active M5.5 dwarf CN Leo (Gl 406) exhibiting a major flare. The
        optical data cover the wavelength range from 3000 to 10 000
        {\r{A}}. \textbackslashResults: From our optical data, we find
        an enormous wealth of chromospheric emission lines occurring
        throughout the spectrum. We identify a total of 1143 emission
        lines, out of which 154 are located in the red arm, increasing
        the number of observed emission lines in this red wavelength
        range by about a factor of 10. Here we present an emission line
        list and a spectral atlas. We also find line asymmetries for H
        I, He I, and Ca II lines. For the last, this is the first
        observation of asymmetries due to a stellar flare. During the
        flare onset, there is additional flux found in the blue wing,
        while in the decay phase, additional flux is found in the red
        wing. We interpret both features as caused by mass motions. In
        addition to the lines, the flare manifests itself in the
        enhancement of the continuum throughout the whole spectrum,
        inverting the normal slope for the net flare spectrum.
        \textbackslash\textbackslashBased on observations collected at
        the European Southern Observatory, Paranal, Chile, 077.D-0011(A)
        and on observations obtained with XMM-Newton, an ESA science
        mission with instruments and contributions directly funded by
        ESA Member States and NASA. Full Table [see full text] is only
        available in electronic form at the CDS via anonymous ftp to
        cdsarc.u-strasbg.fr (130.79.128.5) or via
        http://cdsweb.u-strasbg.fr/cgi-bin/qcat?J/A+A/487/293}",
          doi = {10.1051/0004-6361:200809379},
archivePrefix = {arXiv},
       eprint = {0807.2025},
 primaryClass = {astro-ph},
       adsurl = {https://ui.adsabs.harvard.edu/abs/2008A&A...487..293F},
      adsnote = {Provided by the SAO/NASA Astrophysics Data System}
}



@ARTICLE{kiefer2019b,
       author = {{Kiefer}, Flavien},
        title = "{Determining the mass of the planetary candidate HD 114762 b using Gaia}",
      journal = {\aap},
     keywords = {stars: individual: HD 114762, planetary systems, stars: low-mass, astrometry, Astrophysics - Earth and Planetary Astrophysics, Astrophysics - Solar and Stellar Astrophysics},
         year = 2019,
        month = dec,
       volume = {632},
          eid = {L9},
        pages = {L9},
     abstract = "{The first planetary candidate discovered by Latham et al. (1989, Nature,
        339, 38) with radial velocities around a solar-like star other
        than the Sun, HD 114762 b, was detected with a minimum mass of
        11 M$_{J}$. The small v sin i {\ensuremath{\sim}} 0 km s$^{-1}$
        that is otherwise measured by spectral analysis indicated that
        this companion of a late-F subgiant star better corresponds to a
        massive brown dwarf (BD) or even a low-mass M-dwarf seen nearly
        face-on. To our knowledge, the nature of HD 114762 b is still
        undetermined. The astrometric noise measured for this system in
        the first data release, DR1, of the Gaia mission allows us to
        derive new constraints on the astrometric motion of HD 114762
        and on the mass of its companion. We use the method GASTON,
        introduced in a preceding paper, which can simulate Gaia data
        and determine the distribution of inclinations that are
        compatible with the astrometric excess noise. With an
        inclination of 6.26.2$^{+1.9}$$_{-1.3}$ degree, the mass of the
        companion is constrained to M$_{b}$ = 108$^{+31}$$_{-26}$
        M$_{J}$. HD 114762 b thus indeed belongs to the M-dwarf domain,
        down to brown dwarfs, with M$_{b}$ $\gt$ 13.5 M$_{J}$ at the
        3{\ensuremath{\sigma}} level, and is not a planet.}",
          doi = {10.1051/0004-6361/201936942},
archivePrefix = {arXiv},
       eprint = {1910.07835},
 primaryClass = {astro-ph.EP},
       adsurl = {https://ui.adsabs.harvard.edu/abs/2019A&A...632L...9K},
      adsnote = {Provided by the SAO/NASA Astrophysics Data System}
}


@ARTICLE{kiefer2019a,
       author = {{Kiefer}, F. and {H{\'e}brard}, G. and {Sahlmann}, J. and
         {Sousa}, S.~G. and {Forveille}, T. and {Santos}, N. and {Mayor}, M. and
         {Deleuil}, M. and {Wilson}, P.~A. and {Dalal}, S. and
         {D{\'\i}az}, R.~F. and {Henry}, G.~W. and {Hagelberg}, J. and
         {Hobson}, M.~J. and {Demangeon}, O. and {Bourrier}, V. and
         {Delfosse}, X. and {Arnold}, L. and {Astudillo-Defru}, N. and
         {Beuzit}, J. -L. and {Boisse}, I. and {Bonfils}, X. and {Borgniet}, S. and
         {Bouchy}, F. and {Courcol}, B. and {Ehrenreich}, D. and {Hara}, N. and
         {Lagrange}, A. -M. and {Lovis}, C. and {Montagnier}, G. and
         {Moutou}, C. and {Pepe}, F. and {Perrier}, C. and {Rey}, J. and
         {Santerne}, A. and {S{\'e}gransan}, D. and {Udry}, S. and
         {Vidal-Madjar}, A.},
        title = "{Detection and characterisation of 54 massive companions with the SOPHIE spectrograph. Seven new brown dwarfs and constraints on the brown dwarf desert}",
      journal = {\aap},
     keywords = {brown dwarfs, binaries: spectroscopic, techniques: radial velocities, methods: observational, methods: numerical, Astrophysics - Solar and Stellar Astrophysics, Astrophysics - Earth and Planetary Astrophysics},
         year = 2019,
        month = nov,
       volume = {631},
          eid = {A125},
        pages = {A125},
     abstract = "{Context. Brown dwarfs (BD) are substellar objects intermediate between
        planets and stars with masses of 13-80 M$_{J}$. While isolated
        BDs are most likely produced by gravitational collapse in
        molecular clouds down to masses of a few M$_{J}$, a non-
        negligible fraction of low-mass companions might be formed
        through the planet-formation channel in protoplanetary discs.
        The upper mass limit of objects formed within discs is still
        observationally unknown, the main reason being the strong dearth
        of BD companions at orbital periods shorter than 10 yr, also
        known as the BD desert. \textbackslash Aims: To address this
        question, we aim at determining the best statistics of
        companions within the 10-100 M$_{J}$ mass regime and located
        closer than 10 au to the primary star, while minimising
        observation and selection bias. \textbackslash Methods: We made
        extensive use of the radial velocity (RV) surveys of northern
        hemisphere FGK stars within 60 pc of the Sun, performed with the
        SOPHIE spectrograph at the Observatoire de Haute-Provence. We
        derived the Keplerian solutions of the RV variations of 54
        sources. Public astrometric data of the HIPPARCOS and Gaia
        missions allowed us to constrain the masses of the companions
        for most sources. We introduce GASTON, a new method to derive
        inclination combining RVs and Keplerian and astrometric excess
        noise from Gaia DR1. \textbackslash Results: We report the
        discovery of 12 new BD candidates. For five of them, additional
        astrometric data led to a revision of their mass in the M-dwarf
        regime. Among the seven remaining objects, four are confirmed BD
        companions, and three others are likely also in this mass
        regime. Moreover, we report the detection of 42 M-dwarfs within
        the range of 90 M$_{J}$-0.52 M$_{☉}$. The resulting M sin i-P
        distribution of BD candidates shows a clear drop in the
        detection rate below 80-day orbital period. Above that limit,
        the BD desert appears rather wet, with a uniform distribution of
        the M sin i. We derive a minimum BD-detection frequency around
        Solar-like stars of 2.0 {\ensuremath{\pm}} 0.5\%.
        \textbackslash\textbackslashRV data are only available at the
        CDS and Tables B.1, B.3-B.7 are also available at the CDS via
        anonymous ftp to <A href=``http://cdsarc.u-strasbg.fr''>http://c
        dsarc.u-strasbg.fr</A> (ftp://130.79.128.5) or via <A
        href=``http://cdsarc.u-strasbg.fr/viz-
        bin/cat/J/A+A/631/A125''>http://cdsarc.u-strasbg.fr/viz-
        bin/cat/J/A+A/631/A125</A>}",
          doi = {10.1051/0004-6361/201935113},
archivePrefix = {arXiv},
       eprint = {1909.00739},
 primaryClass = {astro-ph.SR},
       adsurl = {https://ui.adsabs.harvard.edu/abs/2019A&A...631A.125K},
      adsnote = {Provided by the SAO/NASA Astrophysics Data System}
}



@ARTICLE{lindegren2012,
       author = {{Lindegren}, L. and {Lammers}, U. and {Hobbs}, D. and {O'Mullane}, W. and
         {Bastian}, U. and {Hern{\'a}ndez}, J.},
        title = "{The astrometric core solution for the Gaia mission. Overview of models, algorithms, and software implementation}",
      journal = {\aap},
     keywords = {astrometry, methods: data analysis, methods: numerical, space vehicles: instruments, Astrophysics - Instrumentation and Methods for Astrophysics},
         year = 2012,
        month = feb,
       volume = {538},
          eid = {A78},
        pages = {A78},
     abstract = "{Context. The Gaia satellite will observe about one billion stars and
        other point-like sources. The astrometric core solution will
        determine the astrometric parameters (position, parallax, and
        proper motion) for a subset of these sources, using a global
        solution approach which must also include a large number of
        parameters for the satellite attitude and optical instrument.
        The accurate and efficient implementation of this solution is an
        extremely demanding task, but crucial for the outcome of the
        mission. \textbackslash Aims: We aim to provide a comprehensive
        overview of the mathematical and physical models applicable to
        this solution, as well as its numerical and algorithmic
        framework. \textbackslash Methods: The astrometric core solution
        is a simultaneous least-squares estimation of about half a
        billion parameters, including the astrometric parameters for
        some 100 million well-behaved so-called primary sources. The
        global nature of the solution requires an iterative approach,
        which can be broken down into a small number of distinct
        processing blocks (source, attitude, calibration and global
        updating) and auxiliary processes (including the frame rotator
        and selection of primary sources). We describe each of these
        processes in some detail, formulate the underlying models, from
        which the observation equations are derived, and outline the
        adopted numerical solution methods with due consideration of
        robustness and the structure of the resulting system of
        equations. Appendices provide brief introductions to some
        important mathematical tools (quaternions and B-splines for the
        attitude representation, and a modified Cholesky algorithm for
        positive semidefinite problems) and discuss some complications
        expected in the real mission data. \textbackslash Results: A
        complete software system called AGIS (Astrometric Global
        Iterative Solution) is being built according to the methods
        described in the paper. Based on simulated data for 2 million
        primary sources we present some initial results, demonstrating
        the basic mathematical and numerical validity of the approach
        and, by a reasonable extrapolation, its practical feasibility in
        terms of data management and computations for the real mission.}",
          doi = {10.1051/0004-6361/201117905},
archivePrefix = {arXiv},
       eprint = {1112.4139},
 primaryClass = {astro-ph.IM},
       adsurl = {https://ui.adsabs.harvard.edu/abs/2012A&A...538A..78L},
      adsnote = {Provided by the SAO/NASA Astrophysics Data System}
}


@ARTICLE{2018Strassmeier,
   author = {{Strassmeier}, K.~G. and {Ilyin}, I. and {Steffen}, M.},
    title = "{PEPSI deep spectra. I. The Sun-as-a-star}",
  journal = {\aap},
archivePrefix = "arXiv",
   eprint = {1712.06960},
 primaryClass = "astro-ph.SR",
 keywords = {Sun: photosphere, Sun: abundances, atlases, methods: observational, techniques: spectroscopic},
     year = 2018,
    month = apr,
   volume = 612,
      eid = {A44},
    pages = {A44},
      doi = {10.1051/0004-6361/201731631},
   adsurl = {http://cdsads.u-strasbg.fr/abs/2018A%26A...612A..44S},
  adsnote = {Provided by the SAO/NASA Astrophysics Data System}
}

@article{neal2019,
  doi = {10.21105/joss.01053},
  url = {https://doi.org/10.21105/joss.01053},
  year = {2019},
  publisher = {The Open Journal},
  volume = {4},
  number = {37},
  pages = {1053},
  author = {J.j. Neal and P. Figueira},
  title = {Eniric: Extended NIR Information Content},
  journal = {Journal of Open Source Software}
}

@ARTICLE{reiners2018,
       author = {{Reiners}, A. and {Zechmeister}, M. and {Caballero}, J.~A. and
         {Ribas}, I. and {Morales}, J.~C. and {Jeffers}, S.~V. and
         {Sch{\"o}fer}, P. and {Tal-Or}, L. and {Quirrenbach}, A. and
         {Amado}, P.~J. and {Kaminski}, A. and {Seifert}, W. and {Abril}, M. and
         {Aceituno}, J. and {Alonso-Floriano}, F.~J. and {Ammler-von Eiff}, M. and
         {Antona}, R. and {Anglada-Escud{\'e}}, G. and {Anwand-Heerwart}, H. and
         {Arroyo-Torres}, B. and {Azzaro}, M. and {Baroch}, D. and
         {Barrado}, D. and {Bauer}, F.~F. and {Becerril}, S. and
         {B{\'e}jar}, V.~J.~S. and {Ben{\'\i}tez}, D. and {Berdinas̃}, Z.~M. and
         {Bergond}, G. and {Bl{\"u}mcke}, M. and {Brinkm{\"o}ller}, M. and
         {del Burgo}, C. and {Cano}, J. and {C{\'a}rdenas V{\'a}zquez}, M.~C. and
         {Casal}, E. and {Cifuentes}, C. and {Claret}, A. and {Colom{\'e}}, J. and
         {Cort{\'e}s-Contreras}, M. and {Czesla}, S. and {D{\'\i}ez-Alonso}, E. and
         {Dreizler}, S. and {Feiz}, C. and {Fern{\'a}ndez}, M. and
         {Ferro}, I.~M. and {Fuhrmeister}, B. and
         {Galad{\'\i}-Enr{\'\i}quez}, D. and {Garcia-Piquer}, A. and
         {Garc{\'\i}a Vargas}, M.~L. and {Gesa}, L. and {G{\'o}mez Galera}, V. and
         {Gonz{\'a}lez Hern{\'a}ndez}, J.~I. and {Gonz{\'a}lez-Peinado}, R. and
         {Gr{\"o}zinger}, U. and {Grohnert}, S. and {Gu{\`a}rdia}, J. and
         {Guenther}, E.~W. and {Guijarro}, A. and {de Guindos}, E. and
         {Guti{\'e}rrez-Soto}, J. and {Hagen}, H. -J. and {Hatzes}, A.~P. and
         {Hauschildt}, P.~H. and {Hedrosa}, R.~P. and {Helmling}, J. and
         {Henning}, Th. and {Hermelo}, I. and {Hern{\'a}ndez Arab{\'\i}}, R. and
         {Hern{\'a}ndez Casta{\~n}o}, L. and {Hern{\'a}ndez Hernando}, F. and
         {Herrero}, E. and {Huber}, A. and {Huke}, P. and {Johnson}, E.~N. and
         {de Juan}, E. and {Kim}, M. and {Klein}, R. and {Kl{\"u}ter}, J. and
         {Klutsch}, A. and {K{\"u}rster}, M. and {Lafarga}, M. and {Lamert}, A. and
         {Lamp{\'o}n}, M. and {Lara}, L.~M. and {Laun}, W. and {Lemke}, U. and
         {Lenzen}, R. and {Launhardt}, R. and {L{\'o}pez del Fresno}, M. and
         {L{\'o}pez-Gonz{\'a}lez}, J. and {L{\'o}pez-Puertas}, M. and
         {L{\'o}pez Salas}, J.~F. and {L{\'o}pez-Santiago}, J. and {Luque}, R. and
         {Mag{\'a}n Madinabeitia}, H. and {Mall}, U. and {Mancini}, L. and {Mand
        el}, H. and {Marfil}, E. and {Mar{\'\i}n Molina}, J.~A. and
         {Maroto Fern{\'a}ndez}, D. and {Mart{\'\i}n}, E.~L. and
         {Mart{\'\i}n-Ruiz}, S. and {Marvin}, C.~J. and {Mathar}, R.~J. and
         {Mirabet}, E. and {Montes}, D. and {Moreno-Raya}, M.~E. and {Moya}, A. and
         {Mundt}, R. and {Nagel}, E. and {Naranjo}, V. and {Nortmann}, L. and
         {Nowak}, G. and {Ofir}, A. and {Oreiro}, R. and {Pall{\'e}}, E. and {Pand
        uro}, J. and {Pascual}, J. and {Passegger}, V.~M. and {Pavlov}, A. and
         {Pedraz}, S. and {P{\'e}rez-Calpena}, A. and {P{\'e}rez Medialdea}, D. and
         {Perger}, M. and {Perryman}, M.~A.~C. and {Pluto}, M. and {Rabaza}, O. and
         {Ram{\'o}n}, A. and {Rebolo}, R. and {Redondo}, P. and {Reffert}, S. and
         {Reinhart}, S. and {Rhode}, P. and {Rix}, H. -W. and {Rodler}, F. and
         {Rodr{\'\i}guez}, E. and {Rodr{\'\i}guez-L{\'o}pez}, C. and
         {Rodr{\'\i}guez Trinidad}, A. and {Rohloff}, R. -R. and {Rosich}, A. and
         {Sadegi}, S. and {S{\'a}nchez-Blanco}, E. and
         {S{\'a}nchez Carrasco}, M.~A. and {S{\'a}nchez-L{\'o}pez}, A. and
         {Sanz-Forcada}, J. and {Sarkis}, P. and {Sarmiento}, L.~F. and
         {Sch{\"a}fer}, S. and {Schmitt}, J.~H.~M.~M. and {Schiller}, J. and
         {Schweitzer}, A. and {Solano}, E. and {Stahl}, O. and
         {Strachan}, J.~B.~P. and {St{\"u}rmer}, J. and {Su{\'a}rez}, J.~C. and
         {Tabernero}, H.~M. and {Tala}, M. and {Trifonov}, T. and
         {Tulloch}, S.~M. and {Ulbrich}, R.~G. and {Veredas}, G. and
         {Vico Linares}, J.~I. and {Vilardell}, F. and {Wagner}, K. and
         {Winkler}, J. and {Wolthoff}, V. and {Xu}, W. and {Yan}, F. and
         {Zapatero Osorio}, M.~R.},
        title = "{The CARMENES search for exoplanets around M dwarfs. High-resolution optical and near-infrared spectroscopy of 324 survey stars}",
      journal = {\aap},
     keywords = {atlases, catalogs, stars: rotation, stars: late-type, stars: low-mass, infrared: stars, Astrophysics - Solar and Stellar Astrophysics, Astrophysics - Earth and Planetary Astrophysics},
         year = 2018,
        month = apr,
       volume = {612},
          eid = {A49},
        pages = {A49},
     abstract = "{The CARMENES radial velocity (RV) survey is observing 324 M dwarfs to
        search for any orbiting planets. In this paper, we present the
        survey sample by publishing one CARMENES spectrum for each M
        dwarf. These spectra cover the wavelength range 520-1710 nm at a
        resolution of at least R \&gt;80 000, and we measure its RV,
        H{\ensuremath{\alpha}} emission, and projected rotation
        velocity. We present an atlas of high-resolution M-dwarf spectra
        and compare the spectra to atmospheric models. To quantify the
        RV precision that can be achieved in low-mass stars over the
        CARMENES wavelength range, we analyze our empirical information
        on the RV precision from more than 6500 observations. We compare
        our high-resolution M-dwarf spectra to atmospheric models where
        we determine the spectroscopic RV information content, Q, and
        signal-to-noise ratio. We find that for all M-type dwarfs, the
        highest RV precision can be reached in the wavelength range
        700-900 nm. Observations at longer wavelengths are equally
        precise only at the very latest spectral types (M8 and M9). We
        demonstrate that in this spectroscopic range, the large amount
        of absorption features compensates for the intrinsic faintness
        of an M7 star. To reach an RV precision of 1 m s$^{-1}$ in very
        low mass M dwarfs at longer wavelengths likely requires the use
        of a 10 m class telescope. For spectral types M6 and earlier,
        the combination of a red visual and a near-infrared spectrograph
        is ideal to search for low-mass planets and to distinguish
        between planets and stellar variability. At a 4 m class
        telescope, an instrument like CARMENES has the potential to push
        the RV precision well below the typical jitter level of 3-4 m
        s$^{-1}$.}",
          doi = {10.1051/0004-6361/201732054},
archivePrefix = {arXiv},
       eprint = {1711.06576},
 primaryClass = {astro-ph.SR},
       adsurl = {https://ui.adsabs.harvard.edu/abs/2018A&A...612A..49R},
      adsnote = {Provided by the SAO/NASA Astrophysics Data System}
}



@ARTICLE{jeffers2018,
       author = {{Jeffers}, S.~V. and {Sch{\"o}fer}, P. and {Lamert}, A. and
         {Reiners}, A. and {Montes}, D. and {Caballero}, J.~A. and
         {Cort{\'e}s-Contreras}, M. and {Marvin}, C.~J. and {Passegger}, V.~M. and
         {Zechmeister}, M. and {Quirrenbach}, A. and {Alonso-Floriano}, F.~J. and
         {Amado}, P.~J. and {Bauer}, F.~F. and {Casal}, E. and
         {Diez Alonso}, E. and {Herrero}, E. and {Morales}, J.~C. and
         {Mundt}, R. and {Ribas}, I. and {Sarmiento}, L.~F.},
        title = "{CARMENES input catalogue of M dwarfs. III. Rotation and activity from high-resolution spectroscopic observations}",
      journal = {\aap},
     keywords = {stars: activity, stars: rotation, techniques: spectroscopic, catalogs, Astrophysics - Solar and Stellar Astrophysics},
         year = 2018,
        month = jun,
       volume = {614},
          eid = {A76},
        pages = {A76},
     abstract = "{CARMENES is a spectrograph for radial velocity surveys of M dwarfs with
        the aim of detecting Earth-mass planets orbiting in the
        habitable zones of their host stars. To ensure an optimal use of
        the CARMENES guaranteed time observations, in this paper we
        investigate the correlation of activity and rotation for
        approximately 2200 M dwarfs, ranging in spectral type from M0.0
        V to M9.0 V. We present new high-resolution spectroscopic
        observations with FEROS, CAFE, and HRS of approximately 500 M
        dwarfs. For each new observation, we determined its radial
        velocity and measured its H{\ensuremath{\alpha}} activity index
        and its rotation velocity. Additionally, we have multiple
        observations of many stars to investigate if there are any
        radial velocity variations due to multiplicity. The results of
        our survey confirm that early-M dwarfs are
        H{\ensuremath{\alpha}} inactive with low rotational velocities
        and that late-M dwarfs are H{\ensuremath{\alpha}} active with
        very high rotational velocities. The results of this high-
        resolution analysis comprise the most extensive catalogue of
        rotation and activity in M dwarfs currently available. <P
        />Based on observations made at the Calar Alto Observatory,
        Spain, the European Southern Observatory, La Silla, Chile and
        McDonald Observatory, USA.Tables A.1-A.3 are only available at
        the CDS via anonymous ftp to <A href=``https://cdsarc.u-strasbg.
        fr''>http://cdsarc.u-strasbg.fr</A> (ftp://130.79.128.5) or via
        <A href=``http://cdsarc.u-strasbg.fr/viz-
        bin/qcat?J/A+A/614/A76''>http://cdsarc.u-strasbg.fr/viz-
        bin/qcat?J/A+A/614/A76</A>}",
          doi = {10.1051/0004-6361/201629599},
archivePrefix = {arXiv},
       eprint = {1802.02102},
 primaryClass = {astro-ph.SR},
       adsurl = {https://ui.adsabs.harvard.edu/abs/2018A&A...614A..76J},
      adsnote = {Provided by the SAO/NASA Astrophysics Data System}
}


@ARTICLE{reiners2012,
       author = {{Reiners}, Ansgar and {Joshi}, Nandan and {Goldman}, Bertrand},
        title = "{A Catalog of Rotation and Activity in Early-M Stars}",
      journal = {\aj},
     keywords = {stars: activity, stars: low-mass, stars: rotation, Astrophysics - Solar and Stellar Astrophysics, Astrophysics - Earth and Planetary Astrophysics},
         year = 2012,
        month = apr,
       volume = {143},
       number = {4},
          eid = {93},
        pages = {93},
     abstract = "{We present a catalog of rotation and chromospheric activity in a sample
        of 334 M dwarfs of spectral types M0-M4.5 populating the
        parameter space around the boundary to full convection. We
        obtain high-resolution optical spectra for 206 targets and
        determine projected rotational velocity, vsin i, and
        H{\ensuremath{\alpha}} emission. The data are combined with
        measurements of vsin i in field stars of the same spectral type
        from the literature. Our sample adds 157 new rotation
        measurements to the existing literature and almost doubles the
        sample of available vsin i. The final sample provides a
        statistically meaningful picture of rotation and activity at the
        transition to full convection in the solar neighborhood. We
        confirm a steep rise in the fraction of active stars at the
        transition to full convection known from earlier work. In
        addition, we see a clear rise in rotational velocity in the same
        stars. In very few stars, no chromospheric activity but a
        detection of rotational broadening is reported. We argue that
        all of them are probably spurious detections; we conclude that
        in our sample all significantly rotating stars are active, and
        all active stars are significantly rotating. The rotation-
        activity relation is valid in partially and in fully convective
        stars. Thus, we do not observe any evidence for a transition
        from a rotationally dominated dynamo in partially convective
        stars to a rotation-independent turbulent dynamo in fully
        convective stars; turbulent dynamos in fully convective stars of
        spectral types around M4 are still driven by rotation. Finally,
        we compare projected rotational velocities of 33 stars to
        rotational periods derived from photometry in the literature and
        determine inclinations for a few of them.}",
          doi = {10.1088/0004-6256/143/4/93},
archivePrefix = {arXiv},
       eprint = {1201.5774},
 primaryClass = {astro-ph.SR},
       adsurl = {https://ui.adsabs.harvard.edu/abs/2012AJ....143...93R},
      adsnote = {Provided by the SAO/NASA Astrophysics Data System}
}



@ARTICLE{kesseli2018,
       author = {{Kesseli}, Aurora Y. and {Muirhead}, Philip S. and {Mann}, Andrew W. and
         {Mace}, Greg},
        title = "{Magnetic Inflation and Stellar Mass. II. On the Radii of Single, Rapidly Rotating, Fully Convective M-Dwarf Stars}",
      journal = {\aj},
     keywords = {stars: fundamental parameters, stars: low-mass, stars: magnetic field, stars: rotation, stars: statistics, Astrophysics - Solar and Stellar Astrophysics},
         year = "2018",
        month = "Jun",
       volume = {155},
       number = {6},
          eid = {225},
        pages = {225},
          doi = {10.3847/1538-3881/aabccb},
archivePrefix = {arXiv},
       eprint = {1804.04133},
 primaryClass = {astro-ph.SR},
       adsurl = {https://ui.adsabs.harvard.edu/abs/2018AJ....155..225K},
      adsnote = {Provided by the SAO/NASA Astrophysics Data System}
}

@ARTICLE{scargle1982,
       author = {{Scargle}, J.~D.},
        title = "{Studies in astronomical time series analysis. II. Statistical aspects of spectral analysis of unevenly spaced data.}",
      journal = {\apj},
     keywords = {Astronomy, Signal Detection, Spectrum Analysis, Statistical Distributions, Time Series Analysis, Fourier Transformation, Frequency Response, Power Spectra, Signal To Noise Ratios, Astronomy},
         year = "1982",
        month = "Dec",
       volume = {263},
        pages = {835-853},
          doi = {10.1086/160554},
       adsurl = {https://ui.adsabs.harvard.edu/abs/1982ApJ...263..835S},
      adsnote = {Provided by the SAO/NASA Astrophysics Data System}
}

@ARTICLE{lomb1976,
       author = {{Lomb}, N.~R.},
        title = "{Least-Squares Frequency Analysis of Unequally Spaced Data}",
      journal = {\apss},
     keywords = {Astronomy, Data Reduction, Least Squares Method, Background Noise, Power Spectra, Sine Waves, Spectrum Analysis, Statistical Analysis, Variable Stars, Astronomy},
         year = "1976",
        month = "Feb",
       volume = {39},
       number = {2},
        pages = {447-462},
          doi = {10.1007/BF00648343},
       adsurl = {https://ui.adsabs.harvard.edu/abs/1976Ap&SS..39..447L},
      adsnote = {Provided by the SAO/NASA Astrophysics Data System}
}




@ARTICLE{doyle2019,
       author = {{Doyle}, L. and {Ramsay}, G. and {Doyle}, J.~G. and {Wu}, K.},
        title = "{Probing the origin of stellar flares on M dwarfs using TESS data sectors 1-3}",
      journal = {\mnras},
     keywords = {stars: activity, stars: flare, stars: low-mass, stars: magnetic fields, Astrophysics - Solar and Stellar Astrophysics},
         year = "2019",
        month = "Oct",
       volume = {489},
       number = {1},
        pages = {437-445},
          doi = {10.1093/mnras/stz2205},
archivePrefix = {arXiv},
       eprint = {1908.02698},
 primaryClass = {astro-ph.SR},
       adsurl = {https://ui.adsabs.harvard.edu/abs/2019MNRAS.489..437D},
      adsnote = {Provided by the SAO/NASA Astrophysics Data System}
}



@ARTICLE{stepien2001,
       author = {{St{\c{e}}pie{\'n}}, K. and {Schmitt}, J.~H.~M.~M. and {Voges}, W.},
        title = "{ROSAT all-sky survey of W Ursae Majoris stars and the problem of supersaturation}",
      journal = {\aap},
     keywords = {STARS: ACTIVITY, (STARS:) BINARIES: ECLIPSING, STARS: CORONAE, STARS: LATE TYPE, STARS: ROTATION, X-RAYS: STARS},
         year = "2001",
        month = "Apr",
       volume = {370},
        pages = {157-169},
          doi = {10.1051/0004-6361:20010197},
       adsurl = {https://ui.adsabs.harvard.edu/abs/2001A&A...370..157S},
      adsnote = {Provided by the SAO/NASA Astrophysics Data System}
}

@ARTICLE{jeffries2011,
       author = {{Jeffries}, R.~D. and {Jackson}, R.~J. and {Briggs}, K.~R. and
         {Evans}, P.~A. and {Pye}, J.~P.},
        title = "{Investigating coronal saturation and supersaturation in fast-rotating M-dwarf stars}",
      journal = {\mnras},
     keywords = {stars: activity, stars: coronae, stars: rotation, open clusters and associations: individual: NGC 2547, X-rays: stars, Astrophysics - Solar and Stellar Astrophysics, Astrophysics - High Energy Astrophysical Phenomena},
         year = "2011",
        month = "Mar",
       volume = {411},
       number = {3},
        pages = {2099-2112},
          doi = {10.1111/j.1365-2966.2010.17848.x},
archivePrefix = {arXiv},
       eprint = {1010.2152},
 primaryClass = {astro-ph.SR},
       adsurl = {https://ui.adsabs.harvard.edu/abs/2011MNRAS.411.2099J},
      adsnote = {Provided by the SAO/NASA Astrophysics Data System}
}

@ARTICLE{guedel1993,
       author = {{Guedel}, Manuel and {Benz}, Arnold O.},
        title = "{X-Ray/Microwave Relation of Different Types of Active Stars}",
      journal = {\apjl},
     keywords = {Late Stars, Microwave Emission, Stellar Coronas, Stellar Physics, X Ray Sources, Particle Acceleration, Plasma Heating, Stellar Luminosity, Astrophysics, STARS: CORONAE, STARS: LATE-TYPE, RADIO CONTINUUM: STARS, X-RAYS: STARS},
         year = "1993",
        month = "Mar",
       volume = {405},
        pages = {L63},
          doi = {10.1086/186766},
       adsurl = {https://ui.adsabs.harvard.edu/abs/1993ApJ...405L..63G},
      adsnote = {Provided by the SAO/NASA Astrophysics Data System}
}

@ARTICLE{paudel2018b,
       author = {{Paudel}, Rishi R. and {Gizis}, John E. and {Mullan}, D.~J. and
         {Schmidt}, Sarah J. and {Burgasser}, Adam J. and
         {Williams}, Peter K.~G. and {Berger}, Edo},
        title = "{K 2 Ultracool Dwarfs Survey. IV. Monster Flares Observed on the Young Brown Dwarf CFHT-BD-Tau 4}",
      journal = {\apj},
     keywords = {brown dwarfs, stars: flare, stars: individual: CFHT-BD-Tau 4, Astrophysics - Solar and Stellar Astrophysics},
         year = "2018",
        month = "Jul",
       volume = {861},
       number = {2},
          eid = {76},
        pages = {76},
          doi = {10.3847/1538-4357/aac8e0},
archivePrefix = {arXiv},
       eprint = {1805.11185},
 primaryClass = {astro-ph.SR},
       adsurl = {https://ui.adsabs.harvard.edu/abs/2018ApJ...861...76P},
      adsnote = {Provided by the SAO/NASA Astrophysics Data System}
}



@ARTICLE{west2009,
       author = {{West}, Andrew A. and {Basri}, Gibor},
        title = "{A First Look at Rotation in Inactive Late-Type M Dwarfs}",
      journal = {\apj},
     keywords = {stars: activity, stars: late-type, stars: low-mass, brown dwarfs, stars: rotation, Astrophysics},
         year = "2009",
        month = "Mar",
       volume = {693},
       number = {2},
        pages = {1283-1289},
          doi = {10.1088/0004-637X/693/2/1283},
archivePrefix = {arXiv},
       eprint = {0812.1220},
 primaryClass = {astro-ph},
       adsurl = {https://ui.adsabs.harvard.edu/abs/2009ApJ...693.1283W},
      adsnote = {Provided by the SAO/NASA Astrophysics Data System}
}



@ARTICLE{basri1995,
       author = {{Basri}, Gibor and {Marcy}, Geoffrey W.},
        title = "{A Surprise at the Bottom of the Main Sequence: Rapid Rotation and NO H(alpha) Emission}",
      journal = {\aj},
     keywords = {Brown Dwarf Stars, H Alpha Line, M Stars, Main Sequence Stars, Stellar Rotation, Stellar Spectra, Absorption Spectra, Astronomical Spectroscopy, Emission Spectra, Stellar Activity, Stellar Mass, Astronomy, STARS: LATE-TYPE, STARS: EVOLUTION},
         year = "1995",
        month = "Feb",
       volume = {109},
        pages = {762},
          doi = {10.1086/117319},
       adsurl = {https://ui.adsabs.harvard.edu/abs/1995AJ....109..762B},
      adsnote = {Provided by the SAO/NASA Astrophysics Data System}
}



@ARTICLE{wright2011,
       author = {{Wright}, Nicholas J. and {Drake}, Jeremy J. and {Mamajek}, Eric E. and
         {Henry}, Gregory W.},
        title = "{The Stellar-activity-Rotation Relationship and the Evolution of Stellar Dynamos}",
      journal = {\apj},
     keywords = {stars: activity, stars: coronae, stars: evolution, stars: late-type, stars: magnetic field, stars: rotation, X-rays: stars, Astrophysics - Solar and Stellar Astrophysics},
         year = "2011",
        month = "Dec",
       volume = {743},
       number = {1},
          eid = {48},
        pages = {48},
          doi = {10.1088/0004-637X/743/1/48},
archivePrefix = {arXiv},
       eprint = {1109.4634},
 primaryClass = {astro-ph.SR},
       adsurl = {https://ui.adsabs.harvard.edu/abs/2011ApJ...743...48W},
      adsnote = {Provided by the SAO/NASA Astrophysics Data System}
}

@ARTICLE{chabrier1997,
       author = {{Chabrier}, Gilles and {Baraffe}, Isabelle},
        title = "{Structure and evolution of low-mass stars}",
      journal = {\aap},
     keywords = {STARS: LOW MASS, BROWN DWARFS, STARS: ABUNDANCES, Astrophysics},
         year = "1997",
        month = "Nov",
       volume = {327},
        pages = {1039-1053},
archivePrefix = {arXiv},
       eprint = {astro-ph/9704118},
 primaryClass = {astro-ph},
       adsurl = {https://ui.adsabs.harvard.edu/abs/1997A&A...327.1039C},
      adsnote = {Provided by the SAO/NASA Astrophysics Data System}
}

@ARTICLE{wright2016,
       author = {{Wright}, Nicholas J. and {Drake}, Jeremy J.},
        title = "{Solar-type dynamo behaviour in fully convective stars without a tachocline}",
      journal = {\nat},
     keywords = {Astrophysics - Solar and Stellar Astrophysics},
         year = "2016",
        month = "Jul",
       volume = {535},
       number = {7613},
        pages = {526-528},
          doi = {10.1038/nature18638},
archivePrefix = {arXiv},
       eprint = {1607.07870},
 primaryClass = {astro-ph.SR},
       adsurl = {https://ui.adsabs.harvard.edu/abs/2016Natur.535..526W},
      adsnote = {Provided by the SAO/NASA Astrophysics Data System}
}


@ARTICLE{newton2017,
       author = {{Newton}, Elisabeth R. and {Irwin}, Jonathan and {Charbonneau}, David and
         {Berlind}, Perry and {Calkins}, Michael L. and {Mink}, Jessica},
        title = "{The H{\ensuremath{\alpha}} Emission of Nearby M Dwarfs and its Relation to Stellar Rotation}",
      journal = {\apj},
     keywords = {stars: activity, stars: low-mass, stars: rotation, Astrophysics - Solar and Stellar Astrophysics, Astrophysics - Earth and Planetary Astrophysics},
         year = "2017",
        month = "Jan",
       volume = {834},
       number = {1},
          eid = {85},
        pages = {85},
          doi = {10.3847/1538-4357/834/1/85},
archivePrefix = {arXiv},
       eprint = {1611.03509},
 primaryClass = {astro-ph.SR},
       adsurl = {https://ui.adsabs.harvard.edu/abs/2017ApJ...834...85N},
      adsnote = {Provided by the SAO/NASA Astrophysics Data System}
}



@ARTICLE{chabrier2006,
       author = {{Chabrier}, G. and {K{\"u}ker}, M.},
        title = "{Large-scale {\ensuremath{\alpha}}\^2-dynamo in low-mass stars and brown dwarfs}",
      journal = {\aap},
     keywords = {magnetohydrodynamics (MHD), turbulence, stars: activity, stars: chromosphere, stars: low mass, brown dwarfs, Astrophysics},
         year = "2006",
        month = "Feb",
       volume = {446},
       number = {3},
        pages = {1027-1037},
          doi = {10.1051/0004-6361:20042475},
archivePrefix = {arXiv},
       eprint = {astro-ph/0510075},
 primaryClass = {astro-ph},
       adsurl = {https://ui.adsabs.harvard.edu/abs/2006A&A...446.1027C},
      adsnote = {Provided by the SAO/NASA Astrophysics Data System}
}

@ARTICLE{parker1955,
       author = {{Parker}, Eugene N.},
        title = "{Hydromagnetic Dynamo Models.}",
      journal = {\apj},
         year = "1955",
        month = "Sep",
       volume = {122},
        pages = {293},
          doi = {10.1086/146087},
       adsurl = {https://ui.adsabs.harvard.edu/abs/1955ApJ...122..293P},
      adsnote = {Provided by the SAO/NASA Astrophysics Data System}
}


@ARTICLE{wright2018,
       author = {{Wright}, Nicholas J. and {Newton}, Elisabeth R. and
         {Williams}, Peter K.~G. and {Drake}, Jeremy J. and {Yadav}, Rakesh K.},
        title = "{The stellar rotation-activity relationship in fully convective M dwarfs}",
      journal = {\mnras},
     keywords = {dynamo, stars: activity, stars: late-type, stars: rotation, Astrophysics - Solar and Stellar Astrophysics},
         year = "2018",
        month = "Sep",
       volume = {479},
       number = {2},
        pages = {2351-2360},
          doi = {10.1093/mnras/sty1670},
archivePrefix = {arXiv},
       eprint = {1807.03304},
 primaryClass = {astro-ph.SR},
       adsurl = {https://ui.adsabs.harvard.edu/abs/2018MNRAS.479.2351W},
      adsnote = {Provided by the SAO/NASA Astrophysics Data System}
}



@ARTICLE{wenger2000,
       author = {{Wenger}, M. and {Ochsenbein}, F. and {Egret}, D. and {Dubois}, P. and
         {Bonnarel}, F. and {Borde}, S. and {Genova}, F. and {Jasniewicz}, G. and
         {Lalo{\"e}}, S. and {Lesteven}, S. and {Monier}, R.},
        title = "{The SIMBAD astronomical database. The CDS reference database for astronomical objects}",
      journal = {\aaps},
     keywords = {ASTRONOMICAL DATA BASES: MISCELLANEOUS, CATALOGS, Astrophysics},
         year = "2000",
        month = "Apr",
       volume = {143},
        pages = {9-22},
          doi = {10.1051/aas:2000332},
archivePrefix = {arXiv},
       eprint = {astro-ph/0002110},
 primaryClass = {astro-ph},
       adsurl = {https://ui.adsabs.harvard.edu/abs/2000A&AS..143....9W},
      adsnote = {Provided by the SAO/NASA Astrophysics Data System}
}



@ARTICLE{pineda2017,
       author = {{Pineda}, J. Sebastian and {Hallinan}, Gregg and {Kao}, Melodie M.},
        title = "{A Panchromatic View of Brown Dwarf Aurorae}",
      journal = {\apj},
     keywords = {brown dwarfs, planets and satellites: aurorae, stars: activity, Astrophysics - Solar and Stellar Astrophysics},
         year = "2017",
        month = "Sep",
       volume = {846},
       number = {1},
          eid = {75},
        pages = {75},
          doi = {10.3847/1538-4357/aa8596},
archivePrefix = {arXiv},
       eprint = {1708.02942},
 primaryClass = {astro-ph.SR},
       adsurl = {https://ui.adsabs.harvard.edu/abs/2017ApJ...846...75P},
      adsnote = {Provided by the SAO/NASA Astrophysics Data System}
}



@ARTICLE{williams2015,
       author = {{Williams}, P.~K.~G. and {Berger}, E. and {Irwin}, J. and
         {Berta-Thompson}, Z.~K. and {Charbonneau}, D.},
        title = "{Simultaneous Multiwavelength Observations of Magnetic Activity in Ultracool Dwarfs. IV. The Active, Young Binary NLTT 33370 AB (= 2MASS J13142039+1320011)}",
      journal = {\apj},
     keywords = {stars: activity, stars: individual: NLTT 33370, stars: low-mass, Astrophysics - Solar and Stellar Astrophysics},
         year = "2015",
        month = "Feb",
       volume = {799},
       number = {2},
          eid = {192},
        pages = {192},
          doi = {10.1088/0004-637X/799/2/192},
archivePrefix = {arXiv},
       eprint = {1409.4411},
 primaryClass = {astro-ph.SR},
       adsurl = {https://ui.adsabs.harvard.edu/abs/2015ApJ...799..192W},
      adsnote = {Provided by the SAO/NASA Astrophysics Data System}
}



@ARTICLE{benz1994,
       author = {{Benz}, A.~O. and {Guedel}, M.},
        title = "{X-ray/microwave ratio of flares and coronae}",
      journal = {\aap},
     keywords = {STARS: ACTIVITY, SUN: FLARES, RADIO CONTINUUM: STARS, X-RAYS: STARS, STARS: CORONAE, STARS: FLARE},
         year = "1994",
        month = "May",
       volume = {285},
        pages = {621-630},
       adsurl = {https://ui.adsabs.harvard.edu/abs/1994A&A...285..621B},
      adsnote = {Provided by the SAO/NASA Astrophysics Data System}
}



@ARTICLE{shulyak2017,
       author = {{Shulyak}, D. and {Reiners}, A. and {Engeln}, A. and {Malo}, L. and
         {Yadav}, R. and {Morin}, J. and {Kochukhov}, O.},
        title = "{Strong dipole magnetic fields in fast rotating fully convective stars}",
      journal = {Nature Astronomy},
     keywords = {Astrophysics - Solar and Stellar Astrophysics},
         year = "2017",
        month = "Aug",
       volume = {1},
          eid = {0184},
        pages = {0184},
          doi = {10.1038/s41550-017-0184},
archivePrefix = {arXiv},
       eprint = {1801.08571},
 primaryClass = {astro-ph.SR},
       adsurl = {https://ui.adsabs.harvard.edu/abs/2017NatAs...1E.184S},
      adsnote = {Provided by the SAO/NASA Astrophysics Data System}
}



@ARTICLE{donati2008,
       author = {{Donati}, J. -F. and {Morin}, J. and {Petit}, P. and {Delfosse}, X. and
         {Forveille}, T. and {Auri{\`e}re}, M. and {Cabanac}, R. and
         {Dintrans}, B. and {Fares}, R. and {Gastine}, T. and {Jardine}, M.~M. and
         {Ligni{\`e}res}, F. and {Paletou}, F. and {Ramirez Velez}, J.~C. and
         {Th{\'e}ado}, S.},
        title = "{Large-scale magnetic topologies of early M dwarfs}",
      journal = {\mnras},
     keywords = {techniques: polarimetric, stars: activity, stars: magnetic fields, stars: low-mass, brown dwarfs, stars: rotation, Astrophysics},
         year = "2008",
        month = "Oct",
       volume = {390},
       number = {2},
        pages = {545-560},
          doi = {10.1111/j.1365-2966.2008.13799.x},
archivePrefix = {arXiv},
       eprint = {0809.0269},
 primaryClass = {astro-ph},
       adsurl = {https://ui.adsabs.harvard.edu/abs/2008MNRAS.390..545D},
      adsnote = {Provided by the SAO/NASA Astrophysics Data System}
}



@ARTICLE{robrade2010,
       author = {{Robrade}, J. and {Poppenhaeger}, K. and {Schmitt}, J.~H.~M.~M.},
        title = "{Quiescent and flaring X-ray emission from the nearby M/T dwarf binary SCR 1845-6357}",
      journal = {\aap},
     keywords = {stars: activity, stars: coronae, stars: individual: SCR 1845-6357, stars: low-mass, brown dwarfs, X-rays: stars, Astrophysics - Solar and Stellar Astrophysics},
         year = "2010",
        month = "Apr",
       volume = {513},
          eid = {A12},
        pages = {A12},
          doi = {10.1051/0004-6361/200913603},
archivePrefix = {arXiv},
       eprint = {1002.2389},
 primaryClass = {astro-ph.SR},
       adsurl = {https://ui.adsabs.harvard.edu/abs/2010A&A...513A..12R},
      adsnote = {Provided by the SAO/NASA Astrophysics Data System}
}

@ARTICLE{morin2008,
       author = {{Morin}, J. and {Donati}, J. -F. and {Petit}, P. and {Delfosse}, X. and
         {Forveille}, T. and {Albert}, L. and {Auri{\`e}re}, M. and
         {Cabanac}, R. and {Dintrans}, B. and {Fares}, R. and {Gastine}, T. and
         {Jardine}, M.~M. and {Ligni{\`e}res}, F. and {Paletou}, F. and
         {Ramirez Velez}, J.~C. and {Th{\'e}ado}, S.},
        title = "{Large-scale magnetic topologies of mid M dwarfs}",
      journal = {\mnras},
     keywords = {techniques: polarimetric, stars: activity, stars: low-mass, brown dwarfs, stars: magnetic fields, stars: rotation, Astrophysics},
         year = "2008",
        month = "Oct",
       volume = {390},
       number = {2},
        pages = {567-581},
          doi = {10.1111/j.1365-2966.2008.13809.x},
archivePrefix = {arXiv},
       eprint = {0808.1423},
 primaryClass = {astro-ph},
       adsurl = {https://ui.adsabs.harvard.edu/abs/2008MNRAS.390..567M},
      adsnote = {Provided by the SAO/NASA Astrophysics Data System}
}



@ARTICLE{gastine2013,
       author = {{Gastine}, T. and {Morin}, J. and {Duarte}, L. and {Reiners}, A. and
         {Christensen}, U.~R. and {Wicht}, J.},
        title = "{What controls the magnetic geometry of M dwarfs?}",
      journal = {\aap},
     keywords = {dynamo, magnetohydrodynamics (MHD), stars: magnetic field, stars: rotation, stars: low-mass, brown dwarfs, Astrophysics - Solar and Stellar Astrophysics},
         year = "2013",
        month = "Jan",
       volume = {549},
          eid = {L5},
        pages = {L5},
          doi = {10.1051/0004-6361/201220317},
archivePrefix = {arXiv},
       eprint = {1212.0136},
 primaryClass = {astro-ph.SR},
       adsurl = {https://ui.adsabs.harvard.edu/abs/2013A&A...549L...5G},
      adsnote = {Provided by the SAO/NASA Astrophysics Data System}
}



@ARTICLE{stelzer2012,
       author = {{Stelzer}, B. and {Alcal{\'a}}, J. and {Biazzo}, K. and {Ercolano}, B. and
         {Crespo-Chac{\'o}n}, I. and {L{\'o}pez-Santiago}, J. and
         {Mart{\'\i}nez-Arn{\'a}iz}, R. and {Schmitt}, J.~H.~M.~M. and
         {Rigliaco}, E. and {Leone}, F. and {Cupani}, G.},
        title = "{The ultracool dwarf DENIS-P J104814.7-395606. Chromospheres and coronae at the low-mass end of the main-sequence}",
      journal = {\aap},
     keywords = {stars: late-type, X-rays: stars, stars: activity, stars: coronae, stars: individual: DENIS-P J104814.7-395606, stars: chromospheres, Astrophysics - Solar and Stellar Astrophysics},
         year = "2012",
        month = "Jan",
       volume = {537},
          eid = {A94},
        pages = {A94},
          doi = {10.1051/0004-6361/201118097},
archivePrefix = {arXiv},
       eprint = {1111.6880},
 primaryClass = {astro-ph.SR},
       adsurl = {https://ui.adsabs.harvard.edu/abs/2012A&A...537A..94S},
      adsnote = {Provided by the SAO/NASA Astrophysics Data System}
}

@ARTICLE{hawley1992,
       author = {{Hawley}, Suzanne L. and {Fisher}, George H.},
        title = "{X-Ray--heated Models of Stellar Flare Atmospheres: Theory and Comparison with Observations}",
      journal = {\apjs},
     keywords = {Radiative Heat Transfer, Stellar Atmospheres, Stellar Flares, Stellar Models, Black Body Radiation, Chromosphere, Computational Astrophysics, Emission Spectra, Photosphere, Ultraviolet Emission, Astrophysics, RADIATIVE TRANSFER, STARS: ATMOSPHERES, STARS: CORONAE, STARS: FLARE, SUN: FLARES},
         year = "1992",
        month = "Feb",
       volume = {78},
        pages = {565},
          doi = {10.1086/191640},
       adsurl = {https://ui.adsabs.harvard.edu/abs/1992ApJS...78..565H},
      adsnote = {Provided by the SAO/NASA Astrophysics Data System}
}

@ARTICLE{kretzschmar2011,
       author = {{Kretzschmar}, M.},
        title = "{The Sun as a star: observations of white-light flares}",
      journal = {\aap},
     keywords = {sun: flares, stars: flare, Sun: activity, solar-terrestrial relations, Astrophysics - Solar and Stellar Astrophysics, Astrophysics - Earth and Planetary Astrophysics},
         year = "2011",
        month = "Jun",
       volume = {530},
          eid = {A84},
        pages = {A84},
          doi = {10.1051/0004-6361/201015930},
archivePrefix = {arXiv},
       eprint = {1103.3125},
 primaryClass = {astro-ph.SR},
       adsurl = {https://ui.adsabs.harvard.edu/abs/2011A&A...530A..84K},
      adsnote = {Provided by the SAO/NASA Astrophysics Data System}
}



@ARTICLE{foreman_mackey2013,
       author = {{Foreman-Mackey}, Daniel and {Hogg}, David W. and {Lang}, Dustin and
         {Goodman}, Jonathan},
        title = "{emcee: The MCMC Hammer}",
      journal = {\pasp},
     keywords = {Astrophysics - Instrumentation and Methods for Astrophysics, Physics - Computational Physics, Statistics - Computation},
         year = "2013",
        month = "Mar",
       volume = {125},
       number = {925},
        pages = {306},
          doi = {10.1086/670067},
archivePrefix = {arXiv},
       eprint = {1202.3665},
 primaryClass = {astro-ph.IM},
       adsurl = {https://ui.adsabs.harvard.edu/abs/2013PASP..125..306F},
      adsnote = {Provided by the SAO/NASA Astrophysics Data System}
}



@ARTICLE{stelzer2016,
       author = {{Stelzer}, B. and {Damasso}, M. and {Scholz}, A. and {Matt}, S.~P.},
        title = "{A path towards understanding the rotation-activity relation of M dwarfs with K2 mission, X-ray and UV data}",
      journal = {\mnras},
     keywords = {stars: activity, stars: flare, stars: late-type, stars: rotation, ultraviolet: stars, X-rays: stars, Astrophysics - Solar and Stellar Astrophysics},
         year = "2016",
        month = "Dec",
       volume = {463},
       number = {2},
        pages = {1844-1864},
          doi = {10.1093/mnras/stw1936},
archivePrefix = {arXiv},
       eprint = {1608.00772},
 primaryClass = {astro-ph.SR},
       adsurl = {https://ui.adsabs.harvard.edu/abs/2016MNRAS.463.1844S},
      adsnote = {Provided by the SAO/NASA Astrophysics Data System}
}

@ARTICLE{pevtsov2003,
       author = {{Pevtsov}, Alexei A. and {Fisher}, George H. and {Acton}, Loren W. and
         {Longcope}, Dana W. and {Johns-Krull}, Christopher M. and
         {Kankelborg}, Charles C. and {Metcalf}, Thomas R.},
        title = "{The Relationship Between X-Ray Radiance and Magnetic Flux}",
      journal = {\apj},
     keywords = {Stars: Coronae, Stars: Magnetic Fields, Sun: Corona, Sun: Magnetic Fields, Sun: X-Rays, Gamma Rays},
         year = "2003",
        month = "Dec",
       volume = {598},
       number = {2},
        pages = {1387-1391},
          doi = {10.1086/378944},
       adsurl = {https://ui.adsabs.harvard.edu/abs/2003ApJ...598.1387P},
      adsnote = {Provided by the SAO/NASA Astrophysics Data System}
}

@ARTICLE{yang2017,
       author = {{Yang}, Huiqin and {Liu}, Jifeng and {Gao}, Qing and {Fang}, Xuan and
         {Guo}, Jincheng and {Zhang}, Yong and {Hou}, Yonghui and
         {Wang}, Yuefei and {Cao}, Zihuang},
        title = "{The Flaring Activity of M Dwarfs in the Kepler Field}",
      journal = {\apj},
     keywords = {stars: activity, stars: flare, stars: late-type, stars: statistics, starspots},
         year = "2017",
        month = "Nov",
       volume = {849},
       number = {1},
          eid = {36},
        pages = {36},
          doi = {10.3847/1538-4357/aa8ea2},
       adsurl = {https://ui.adsabs.harvard.edu/abs/2017ApJ...849...36Y},
      adsnote = {Provided by the SAO/NASA Astrophysics Data System}
}

@ARTICLE{aschwanden2008,
       author = {{Aschwanden}, Markus J. and {Aschwanden}, Pascal D.},
        title = "{Solar Flare Geometries. I. The Area Fractal Dimension}",
      journal = {\apj},
     keywords = {Sun: flares, Sun: UV radiation},
         year = "2008",
        month = "Feb",
       volume = {674},
       number = {1},
        pages = {530-543},
          doi = {10.1086/524371},
       adsurl = {https://ui.adsabs.harvard.edu/abs/2008ApJ...674..530A},
      adsnote = {Provided by the SAO/NASA Astrophysics Data System}
}



@ARTICLE{maehara2012,
       author = {{Maehara}, Hiroyuki and {Shibayama}, Takuya and {Notsu}, Shota and
         {Notsu}, Yuta and {Nagao}, Takashi and {Kusaba}, Satoshi and
         {Honda}, Satoshi and {Nogami}, Daisaku and {Shibata}, Kazunari},
        title = "{Superflares on solar-type stars}",
      journal = {\nat},
         year = "2012",
        month = "May",
       volume = {485},
       number = {7399},
        pages = {478-481},
          doi = {10.1038/nature11063},
       adsurl = {https://ui.adsabs.harvard.edu/abs/2012Natur.485..478M},
      adsnote = {Provided by the SAO/NASA Astrophysics Data System}
}




@ARTICLE{reiners2010,
       author = {{Reiners}, A. and {Basri}, G.},
        title = "{A Volume-Limited Sample of 63 M7-M9.5 Dwarfs. II. Activity, Magnetism, and the Fade of the Rotation-Dominated Dynamo}",
      journal = {\apj},
     keywords = {brown dwarfs, stars: low-mass, stars: magnetic field, Astrophysics - Solar and Stellar Astrophysics},
         year = "2010",
        month = "Feb",
       volume = {710},
       number = {2},
        pages = {924-935},
          doi = {10.1088/0004-637X/710/2/924},
archivePrefix = {arXiv},
       eprint = {0912.4259},
 primaryClass = {astro-ph.SR},
       adsurl = {https://ui.adsabs.harvard.edu/abs/2010ApJ...710..924R},
      adsnote = {Provided by the SAO/NASA Astrophysics Data System}
}



@ARTICLE{morin2010,
       author = {{Morin}, J. and {Donati}, J. -F. and {Petit}, P. and {Delfosse}, X. and
         {Forveille}, T. and {Jardine}, M.~M.},
        title = "{Large-scale magnetic topologies of late M dwarfs*}",
      journal = {\mnras},
     keywords = {Astrophysics - Solar and Stellar Astrophysics},
         year = "2010",
        month = "Oct",
       volume = {407},
       number = {4},
        pages = {2269-2286},
          doi = {10.1111/j.1365-2966.2010.17101.x},
archivePrefix = {arXiv},
       eprint = {1005.5552},
 primaryClass = {astro-ph.SR},
       adsurl = {https://ui.adsabs.harvard.edu/abs/2010MNRAS.407.2269M},
      adsnote = {Provided by the SAO/NASA Astrophysics Data System}
}



@ARTICLE{guarcello2019,
       author = {{Guarcello}, M.~G. and {Micela}, G. and {Sciortino}, S. and
         {L{\'o}pez-Santiago}, J. and {Argiroffi}, C. and {Reale}, F. and
         {Flaccomio}, E. and {Alvarado-G{\'o}mez}, J.~D. and {Antoniou}, V. and
         {Drake}, J.~J. and {Pillitteri}, I. and {Rebull}, L.~M. and
         {Stauffer}, J.},
        title = "{Simultaneous Kepler/K2 and XMM-Newton observations of superflares in the Pleiades}",
      journal = {\aap},
     keywords = {X-rays: stars, stars: flare, Astrophysics - Solar and Stellar Astrophysics, Astrophysics - High Energy Astrophysical Phenomena},
         year = "2019",
        month = "Feb",
       volume = {622},
          eid = {A210},
        pages = {A210},
          doi = {10.1051/0004-6361/201834370},
archivePrefix = {arXiv},
       eprint = {1901.07263},
 primaryClass = {astro-ph.SR},
       adsurl = {https://ui.adsabs.harvard.edu/abs/2019A&A...622A.210G},
      adsnote = {Provided by the SAO/NASA Astrophysics Data System}
}


@ARTICLE{wolszczan2014,
       author = {{Wolszczan}, A. and {Route}, M.},
        title = "{Timing Analysis of the Periodic Radio and Optical Brightness Variations of the Ultracool Dwarf, TVLM 513-46546}",
      journal = {\apj},
     keywords = {brown dwarfs, radio continuum: stars, stars: activity, stars: low-mass, stars: magnetic field, stars: rotation, Astrophysics - Solar and Stellar Astrophysics},
         year = "2014",
        month = "Jun",
       volume = {788},
       number = {1},
          eid = {23},
        pages = {23},
          doi = {10.1088/0004-637X/788/1/23},
archivePrefix = {arXiv},
       eprint = {1404.4682},
 primaryClass = {astro-ph.SR},
       adsurl = {https://ui.adsabs.harvard.edu/abs/2014ApJ...788...23W},
      adsnote = {Provided by the SAO/NASA Astrophysics Data System}
}


@ARTICLE{villadsen2019,
       author = {{Villadsen}, Jackie and {Hallinan}, Gregg},
        title = "{Ultra-wideband Detection of 22 Coherent Radio Bursts on M Dwarfs}",
      journal = {\apj},
     keywords = {stars: coronae, stars: flare, radio continuum: stars, Astrophysics - Solar and Stellar Astrophysics},
         year = "2019",
        month = "Feb",
       volume = {871},
       number = {2},
          eid = {214},
        pages = {214},
          doi = {10.3847/1538-4357/aaf88e},
archivePrefix = {arXiv},
       eprint = {1810.00855},
 primaryClass = {astro-ph.SR},
       adsurl = {https://ui.adsabs.harvard.edu/abs/2019ApJ...871..214V},
      adsnote = {Provided by the SAO/NASA Astrophysics Data System}
}



@ARTICLE{mclean2011,
       author = {{McLean}, M. and {Berger}, E. and {Irwin}, J. and {Forbrich}, J. and
         {Reiners}, A.},
        title = "{Periodic Radio Emission from the M7 Dwarf 2MASS J13142039+1320011: Implications for the Magnetic Field Topology}",
      journal = {\apj},
     keywords = {radio continuum: stars, stars: activity, stars: low-mass, stars: magnetic field, Astrophysics - Solar and Stellar Astrophysics},
         year = "2011",
        month = "Nov",
       volume = {741},
       number = {1},
          eid = {27},
        pages = {27},
          doi = {10.1088/0004-637X/741/1/27},
archivePrefix = {arXiv},
       eprint = {1107.1516},
 primaryClass = {astro-ph.SR},
       adsurl = {https://ui.adsabs.harvard.edu/abs/2011ApJ...741...27M},
      adsnote = {Provided by the SAO/NASA Astrophysics Data System}
}



@ARTICLE{berger2010,
       author = {{Berger}, E. and {Basri}, G. and {Fleming}, T.~A. and {Giampapa}, M.~S. and
         {Gizis}, J.~E. and {Liebert}, J. and {Mart{\'\i}n}, E. and
         {Phan-Bao}, N. and {Rutledge}, R.~E.},
        title = "{Simultaneous Multi-Wavelength Observations of Magnetic Activity in Ultracool Dwarfs. III. X-ray, Radio, and H{\ensuremath{\alpha}} Activity Trends in M and L dwarfs}",
      journal = {\apj},
     keywords = {brown dwarfs, radio continuum: stars, stars: activity, stars: low-mass, stars: magnetic fields, Astrophysics - Solar and Stellar Astrophysics},
         year = "2010",
        month = "Jan",
       volume = {709},
       number = {1},
        pages = {332-341},
          doi = {10.1088/0004-637X/709/1/332},
archivePrefix = {arXiv},
       eprint = {0909.4783},
 primaryClass = {astro-ph.SR},
       adsurl = {https://ui.adsabs.harvard.edu/abs/2010ApJ...709..332B},
      adsnote = {Provided by the SAO/NASA Astrophysics Data System}
}



@ARTICLE{berger2008b,
       author = {{Berger}, E. and {Basri}, G. and {Gizis}, J.~E. and {Giampapa}, M.~S. and
         {Rutledge}, R.~E. and {Liebert}, J. and {Mart{\'\i}n}, E. and
         {Fleming}, T.~A. and {Johns-Krull}, C.~M. and {Phan-Bao}, N. and
         {Sherry}, W.~H.},
        title = "{Simultaneous Multiwavelength Observations of Magnetic Activity in Ultracool Dwarfs. II. Mixed Trends in VB 10 and LSR 1835+32 and the Possible Role of Rotation}",
      journal = {\apj},
     keywords = {radio continuum: stars, stars: activity, stars: low-mass, brown dwarfs, stars: magnetic fields, Astrophysics},
         year = "2008",
        month = "Apr",
       volume = {676},
       number = {2},
        pages = {1307-1318},
          doi = {10.1086/529131},
archivePrefix = {arXiv},
       eprint = {0710.3383},
 primaryClass = {astro-ph},
       adsurl = {https://ui.adsabs.harvard.edu/abs/2008ApJ...676.1307B},
      adsnote = {Provided by the SAO/NASA Astrophysics Data System}
}


@ARTICLE{burgasser2005,
       author = {{Burgasser}, Adam J. and {Putman}, Mary E.},
        title = "{Quiescent Radio Emission from Southern Late-Type M Dwarfs and a Spectacular Radio Flare from the M8 Dwarf DENIS 1048-3956}",
      journal = {\apj},
     keywords = {Radio Continuum: Stars, Stars: Activity, Stars: Flare, Stars: Individual: Alphanumeric: DENIS J104814.7-395606, Stars: Individual: Alphanumeric: LHS 102B, Stars: Individual: Alphanumeric: LHS 3003, Stars: Low-Mass, Brown Dwarfs, Techniques: Interferometric, Astrophysics},
         year = "2005",
        month = "Jun",
       volume = {626},
       number = {1},
        pages = {486-497},
          doi = {10.1086/429788},
archivePrefix = {arXiv},
       eprint = {astro-ph/0502365},
 primaryClass = {astro-ph},
       adsurl = {https://ui.adsabs.harvard.edu/abs/2005ApJ...626..486B},
      adsnote = {Provided by the SAO/NASA Astrophysics Data System}
}



@ARTICLE{west2015,
       author = {{West}, Andrew A. and {Weisenburger}, Kolby L. and {Irwin}, Jonathan and
         {Berta-Thompson}, Zachory K. and {Charbonneau}, David and
         {Dittmann}, Jason and {Pineda}, J. Sebastian},
        title = "{An Activity-Rotation Relationship and Kinematic Analysis of Nearby Mid-to-Late-Type M Dwarfs}",
      journal = {\apj},
     keywords = {stars: activity, stars: chromospheres, stars: kinematics and dynamics, stars: late-type, stars: low-mass, stars: rotation, Astrophysics - Solar and Stellar Astrophysics},
         year = "2015",
        month = "Oct",
       volume = {812},
       number = {1},
          eid = {3},
        pages = {3},
          doi = {10.1088/0004-637X/812/1/3},
archivePrefix = {arXiv},
       eprint = {1509.01590},
 primaryClass = {astro-ph.SR},
       adsurl = {https://ui.adsabs.harvard.edu/abs/2015ApJ...812....3W},
      adsnote = {Provided by the SAO/NASA Astrophysics Data System}
}



@ARTICLE{berger2008a,
       author = {{Berger}, E. and {Gizis}, J.~E. and {Giampapa}, M.~S. and
         {Rutledge}, R.~E. and {Liebert}, J. and {Mart{\'\i}n}, E. and
         {Basri}, G. and {Fleming}, T.~A. and {Johns-Krull}, C.~M. and
         {Phan-Bao}, N. and {Sherry}, W.~H.},
        title = "{Simultaneous Multiwavelength Observations of Magnetic Activity in Ultracool Dwarfs. I. The Complex Behavior of the M8.5 Dwarf TVLM 513-46546}",
      journal = {\apj},
     keywords = {radio continuum: stars, stars: activity, stars: low-mass, brown dwarfs, stars: magnetic fields, Astrophysics},
         year = "2008",
        month = "Feb",
       volume = {673},
       number = {2},
        pages = {1080-1087},
          doi = {10.1086/524769},
archivePrefix = {arXiv},
       eprint = {0708.1511},
 primaryClass = {astro-ph},
       adsurl = {https://ui.adsabs.harvard.edu/abs/2008ApJ...673.1080B},
      adsnote = {Provided by the SAO/NASA Astrophysics Data System}
}


@ARTICLE{wiiliams2015,
       author = {{Williams}, P.~K.~G. and {Berger}, E. and {Irwin}, J. and
         {Berta-Thompson}, Z.~K. and {Charbonneau}, D.},
        title = "{Simultaneous Multiwavelength Observations of Magnetic Activity in Ultracool Dwarfs. IV. The Active, Young Binary NLTT 33370 AB (= 2MASS J13142039+1320011)}",
      journal = {\apj},
     keywords = {stars: activity, stars: individual: NLTT 33370, stars: low-mass, Astrophysics - Solar and Stellar Astrophysics},
         year = "2015",
        month = "Feb",
       volume = {799},
       number = {2},
          eid = {192},
        pages = {192},
          doi = {10.1088/0004-637X/799/2/192},
archivePrefix = {arXiv},
       eprint = {1409.4411},
 primaryClass = {astro-ph.SR},
       adsurl = {https://ui.adsabs.harvard.edu/abs/2015ApJ...799..192W},
      adsnote = {Provided by the SAO/NASA Astrophysics Data System}
}



@ARTICLE{stelzer2006,
       author = {{Stelzer}, B. and {Schmitt}, J.~H.~M.~M. and {Micela}, G. and
         {Liefke}, C.},
        title = "{Simultaneous optical and X-ray observations of a giant flare on the ultracool dwarf LP 412-31}",
      journal = {\aap},
     keywords = {X-rays: stars, stars: activity, stars: flare, stars: low-mass, brown dwarfs, stars: coronae, stars: individual: LP 412-31, Astrophysics},
         year = "2006",
        month = "Dec",
       volume = {460},
       number = {2},
        pages = {L35-L38},
          doi = {10.1051/0004-6361:20066488},
archivePrefix = {arXiv},
       eprint = {astro-ph/0610582},
 primaryClass = {astro-ph},
       adsurl = {https://ui.adsabs.harvard.edu/abs/2006A&A...460L..35S},
      adsnote = {Provided by the SAO/NASA Astrophysics Data System}
}



@ARTICLE{rutledge2000,
       author = {{Rutledge}, Robert E. and {Basri}, Gibor and {Mart{\'\i}n}, Eduardo L. and
         {Bildsten}, Lars},
        title = "{Chandra Detection of an X-Ray Flare from the Brown Dwarf LP 944-20}",
      journal = {\apjl},
     keywords = {Stars: Coronae, Stars: Individual: Alphanumeric: LP 944-20, Stars: Low-Mass, Brown Dwarfs, Astrophysics},
         year = "2000",
        month = "Aug",
       volume = {538},
       number = {2},
        pages = {L141-L144},
          doi = {10.1086/312817},
archivePrefix = {arXiv},
       eprint = {astro-ph/0005559},
 primaryClass = {astro-ph},
       adsurl = {https://ui.adsabs.harvard.edu/abs/2000ApJ...538L.141R},
      adsnote = {Provided by the SAO/NASA Astrophysics Data System}
}



@ARTICLE{berger2001,
       author = {{Berger}, E. and {Ball}, S. and {Becker}, K.~M. and {Clarke}, M. and
         {Frail}, D.~A. and {Fukuda}, T.~A. and {Hoffman}, I.~M. and
         {Mellon}, R. and {Momjian}, E. and {Murphy}, N.~W. and {Teng}, S.~H. and
         {Woodruff}, T. and {Zauderer}, B.~A. and {Zavala}, R.~T.},
        title = "{Discovery of radio emission from the brown dwarf LP944-20}",
      journal = {\nat},
     keywords = {Astrophysics},
         year = "2001",
        month = "Mar",
       volume = {410},
       number = {6826},
        pages = {338-340},
archivePrefix = {arXiv},
       eprint = {astro-ph/0102301},
 primaryClass = {astro-ph},
       adsurl = {https://ui.adsabs.harvard.edu/abs/2001Natur.410..338B},
      adsnote = {Provided by the SAO/NASA Astrophysics Data System}
}



@ARTICLE{see2019,
       author = {{See}, Victor and {Matt}, Sean P. and {Folsom}, Colin P. and
         {Boro Saikia}, Sudeshna and {Donati}, Jean-Francois and {Fares}, Rim and
         {Finley}, Adam J. and {H{\'e}brard}, {\'E}lodie M. and
         {Jardine}, Moira M. and {Jeffers}, Sandra V. and {Lehmann}, Lisa T. and
         {Marsden}, Stephen C. and {Mengel}, Matthew W. and {Morin}, Julien and
         {Petit}, Pascal and {Vidotto}, Aline A. and {Waite}, Ian A. and
         {BCool Collaboration}},
        title = "{Estimating Magnetic Filling Factors from Zeeman-Doppler Magnetograms}",
      journal = {\apj},
     keywords = {stars: low-mass, stars: magnetic field, stars: rotation, Astrophysics - Solar and Stellar Astrophysics},
         year = "2019",
        month = "May",
       volume = {876},
       number = {2},
          eid = {118},
        pages = {118},
          doi = {10.3847/1538-4357/ab1096},
archivePrefix = {arXiv},
       eprint = {1903.05595},
 primaryClass = {astro-ph.SR},
       adsurl = {https://ui.adsabs.harvard.edu/abs/2019ApJ...876..118S},
      adsnote = {Provided by the SAO/NASA Astrophysics Data System}
}



@ARTICLE{vidotto2014,
       author = {{Vidotto}, A.~A. and {Gregory}, S.~G. and {Jardine}, M. and
         {Donati}, J.~F. and {Petit}, P. and {Morin}, J. and {Folsom}, C.~P. and
         {Bouvier}, J. and {Cameron}, A.~C. and {Hussain}, G. and {Marsden}, S. and
         {Waite}, I.~A. and {Fares}, R. and {Jeffers}, S. and
         {do Nascimento}, J.~D.},
        title = "{Stellar magnetism: empirical trends with age and rotation}",
      journal = {\mnras},
     keywords = {techniques: polarimetric, stars: activity, stars: evolution, stars: magnetic field, planetary systems, stars: rotation, Astrophysics - Solar and Stellar Astrophysics, Astrophysics - Earth and Planetary Astrophysics},
         year = "2014",
        month = "Jul",
       volume = {441},
       number = {3},
        pages = {2361-2374},
          doi = {10.1093/mnras/stu728},
archivePrefix = {arXiv},
       eprint = {1404.2733},
 primaryClass = {astro-ph.SR},
       adsurl = {https://ui.adsabs.harvard.edu/abs/2014MNRAS.441.2361V},
      adsnote = {Provided by the SAO/NASA Astrophysics Data System}
}



@ARTICLE{mohanty2003,
       author = {{Mohanty}, Subhanjoy and {Basri}, Gibor},
        title = "{Rotation and Activity in Mid-M to L Field Dwarfs}",
      journal = {\apj},
     keywords = {Stars: Activity, Stars: Low-Mass, Brown Dwarfs, Stars: Rotation, Astrophysics},
         year = "2003",
        month = "Jan",
       volume = {583},
       number = {1},
        pages = {451-472},
          doi = {10.1086/345097},
archivePrefix = {arXiv},
       eprint = {astro-ph/0201455},
 primaryClass = {astro-ph},
       adsurl = {https://ui.adsabs.harvard.edu/abs/2003ApJ...583..451M},
      adsnote = {Provided by the SAO/NASA Astrophysics Data System}
}

@ARTICLE{berdyugina2017,
       author = {{Berdyugina}, S.~V. and {Harrington}, D.~M. and {Kuzmychov}, O. and
         {Kuhn}, J.~R. and {Hallinan}, G. and {Kowalski}, A.~F. and
         {Hawley}, S.~L.},
        title = "{First Detection of a Strong Magnetic Field on a Bursty Brown Dwarf: Puzzle Solved}",
      journal = {\apj},
     keywords = {brown dwarfs, magnetic fields, polarization, stars: individual: LSR J1835+3259, Astrophysics - Solar and Stellar Astrophysics},
         year = "2017",
        month = "Sep",
       volume = {847},
       number = {1},
          eid = {61},
        pages = {61},
          doi = {10.3847/1538-4357/aa866b},
archivePrefix = {arXiv},
       eprint = {1709.02861},
 primaryClass = {astro-ph.SR},
       adsurl = {https://ui.adsabs.harvard.edu/abs/2017ApJ...847...61B},
      adsnote = {Provided by the SAO/NASA Astrophysics Data System}
}



@ARTICLE{hallinan2015,
       author = {{Hallinan}, G. and {Littlefair}, S.~P. and {Cotter}, G. and
         {Bourke}, S. and {Harding}, L.~K. and {Pineda}, J.~S. and
         {Butler}, R.~P. and {Golden}, A. and {Basri}, G. and {Doyle}, J.~G. and
         {Kao}, M.~M. and {Berdyugina}, S.~V. and {Kuznetsov}, A. and
         {Rupen}, M.~P. and {Antonova}, A.},
        title = "{Magnetospherically driven optical and radio aurorae at the end of the stellar main sequence}",
      journal = {\nat},
     keywords = {Astrophysics - Solar and Stellar Astrophysics},
         year = "2015",
        month = "Jul",
       volume = {523},
       number = {7562},
        pages = {568-571},
          doi = {10.1038/nature14619},
archivePrefix = {arXiv},
       eprint = {1507.08739},
 primaryClass = {astro-ph.SR},
       adsurl = {https://ui.adsabs.harvard.edu/abs/2015Natur.523..568H},
      adsnote = {Provided by the SAO/NASA Astrophysics Data System}
}


@ARTICLE{sengupta2010,
       author = {{Sengupta}, Sujan and {Marley}, Mark S.},
        title = "{Observed Polarization of Brown Dwarfs Suggests Low Surface Gravity}",
      journal = {\apjl},
     keywords = {brown dwarfs, polarization, scattering, stars: atmospheres, stars: low-mass, Astrophysics - Solar and Stellar Astrophysics},
         year = "2010",
        month = "Oct",
       volume = {722},
       number = {2},
        pages = {L142-L146},
          doi = {10.1088/2041-8205/722/2/L142},
archivePrefix = {arXiv},
       eprint = {1009.2145},
 primaryClass = {astro-ph.SR},
       adsurl = {https://ui.adsabs.harvard.edu/abs/2010ApJ...722L.142S},
      adsnote = {Provided by the SAO/NASA Astrophysics Data System}
}



@ARTICLE{blake2010,
       author = {{Blake}, Cullen H. and {Charbonneau}, David and {White}, Russel J.},
        title = "{The NIRSPEC Ultracool Dwarf Radial Velocity Survey}",
      journal = {\apj},
     keywords = {brown dwarfs, stars: low-mass, techniques: radial velocities, Astrophysics - Solar and Stellar Astrophysics},
         year = "2010",
        month = "Nov",
       volume = {723},
       number = {1},
        pages = {684-706},
          doi = {10.1088/0004-637X/723/1/684},
archivePrefix = {arXiv},
       eprint = {1008.3874},
 primaryClass = {astro-ph.SR},
       adsurl = {https://ui.adsabs.harvard.edu/abs/2010ApJ...723..684B},
      adsnote = {Provided by the SAO/NASA Astrophysics Data System}
}



@ARTICLE{juvan2018,
       author = {{Juvan}, Ines G. and {Lendl}, M. and {Cubillos}, P.~E. and
         {Fossati}, L. and {Tregloan-Reed}, J. and {Lammer}, H. and
         {Guenther}, E.~W. and {Hanslmeier}, A.},
        title = "{PyTranSpot: A tool for multiband light curve modeling of planetary transits and stellar spots}",
      journal = {\aap},
     keywords = {planetary systems, planets and satellites: individual: WASP-41b, planets and satellites: fundamental parameters, starspots, techniques: photometric, Astrophysics - Earth and Planetary Astrophysics},
         year = "2018",
        month = "Feb",
       volume = {610},
          eid = {A15},
        pages = {A15},
          doi = {10.1051/0004-6361/201731345},
archivePrefix = {arXiv},
       eprint = {1710.11209},
 primaryClass = {astro-ph.EP},
       adsurl = {https://ui.adsabs.harvard.edu/abs/2018A&A...610A..15J},
      adsnote = {Provided by the SAO/NASA Astrophysics Data System}
}





@ARTICLE{williams2014,
       author = {{Williams}, P.~K.~G. and {Cook}, B.~A. and {Berger}, E.},
        title = "{Trends in Ultracool Dwarf Magnetism. I. X-Ray Suppression and Radio Enhancement}",
      journal = {\apj},
     keywords = {brown dwarfs, radio continuum: stars, stars: activity, stars: coronae, X-rays: stars, Astrophysics - Solar and Stellar Astrophysics},
         year = "2014",
        month = "Apr",
       volume = {785},
       number = {1},
          eid = {9},
        pages = {9},
          doi = {10.1088/0004-637X/785/1/9},
archivePrefix = {arXiv},
       eprint = {1310.6757},
 primaryClass = {astro-ph.SR},
       adsurl = {https://ui.adsabs.harvard.edu/abs/2014ApJ...785....9W},
      adsnote = {Provided by the SAO/NASA Astrophysics Data System}
}



@ARTICLE{mclean2012,
       author = {{McLean}, M. and {Berger}, E. and {Reiners}, A.},
        title = "{The Radio Activity-Rotation Relation of Ultracool Dwarfs}",
      journal = {\apj},
     keywords = {brown dwarfs, radio continuum: stars, stars: activity, stars: low-mass, stars: magnetic field, Astrophysics - Solar and Stellar Astrophysics},
         year = "2012",
        month = "Feb",
       volume = {746},
       number = {1},
          eid = {23},
        pages = {23},
          doi = {10.1088/0004-637X/746/1/23},
archivePrefix = {arXiv},
       eprint = {1108.0415},
 primaryClass = {astro-ph.SR},
       adsurl = {https://ui.adsabs.harvard.edu/abs/2012ApJ...746...23M},
      adsnote = {Provided by the SAO/NASA Astrophysics Data System}
}



@ARTICLE{cook2014,
       author = {{Cook}, B.~A. and {Williams}, P.~K.~G. and {Berger}, E.},
        title = "{Trends in Ultracool Dwarf Magnetism. II. The Inverse Correlation Between X-Ray Activity and Rotation as Evidence for a Bimodal Dynamo}",
      journal = {\apj},
     keywords = {magnetic fields, stars: activity, stars: low-mass, stars: rotation, Astrophysics - Solar and Stellar Astrophysics},
         year = "2014",
        month = "Apr",
       volume = {785},
       number = {1},
          eid = {10},
        pages = {10},
          doi = {10.1088/0004-637X/785/1/10},
archivePrefix = {arXiv},
       eprint = {1310.6758},
 primaryClass = {astro-ph.SR},
       adsurl = {https://ui.adsabs.harvard.edu/abs/2014ApJ...785...10C},
      adsnote = {Provided by the SAO/NASA Astrophysics Data System}
}



@ARTICLE{morris2018,
       author = {{Morris}, Brett M. and {Agol}, Eric and {Davenport}, James R.~A. and
         {Hawley}, Suzanne L.},
        title = "{Possible Bright Starspots on TRAPPIST-1}",
      journal = {\apj},
     keywords = {stars: activity, stars: atmospheres, stars: flare, stars: individual: TRAPPIST-1, stars: low-mass, starspots, Astrophysics - Solar and Stellar Astrophysics, Astrophysics - Earth and Planetary Astrophysics},
         year = "2018",
        month = "Apr",
       volume = {857},
       number = {1},
          eid = {39},
        pages = {39},
          doi = {10.3847/1538-4357/aab6a5},
archivePrefix = {arXiv},
       eprint = {1803.04543},
 primaryClass = {astro-ph.SR},
       adsurl = {https://ui.adsabs.harvard.edu/abs/2018ApJ...857...39M},
      adsnote = {Provided by the SAO/NASA Astrophysics Data System}
}

@ARTICLE{davenport2016,
       author = {{Davenport}, James R.~A.},
        title = "{The Kepler Catalog of Stellar Flares}",
      journal = {\apj},
     keywords = {stars: activity, stars: flare, Astrophysics - Solar and Stellar Astrophysics},
         year = "2016",
        month = "Sep",
       volume = {829},
       number = {1},
          eid = {23},
        pages = {23},
          doi = {10.3847/0004-637X/829/1/23},
archivePrefix = {arXiv},
       eprint = {1607.03494},
 primaryClass = {astro-ph.SR},
       adsurl = {https://ui.adsabs.harvard.edu/abs/2016ApJ...829...23D},
      adsnote = {Provided by the SAO/NASA Astrophysics Data System}
}


@ARTICLE{priest2002,
       author = {{Priest}, E.~R. and {Forbes}, T.~G.},
        title = "{The magnetic nature of solar flares}",
      journal = {\aapr},
         year = "2002",
        month = "Jan",
       volume = {10},
       number = {4},
        pages = {313-377},
          doi = {10.1007/s001590100013},
       adsurl = {https://ui.adsabs.harvard.edu/abs/2002A&ARv..10..313P},
      adsnote = {Provided by the SAO/NASA Astrophysics Data System}
}

@ARTICLE{wolter2008,
       author = {{Wolter}, U. and {Robrade}, J. and {Schmitt}, J.~H.~M.~M. and
         {Ness}, J.~U.},
        title = "{Doppler imaging an X-ray flare on the ultrafast rotator BO Mic. A contemporaneous multiwavelength study using XMM-Newton and VLT}",
      journal = {\aap},
     keywords = {stars: activity, stars: chromospheres, stars: coronae, stars: flare, stars: imaging, stars: individual: BO Mic, Astrophysics},
         year = "2008",
        month = "Jan",
       volume = {478},
       number = {1},
        pages = {L11-L14},
          doi = {10.1051/0004-6361:20078838},
archivePrefix = {arXiv},
       eprint = {0712.0899},
 primaryClass = {astro-ph},
       adsurl = {https://ui.adsabs.harvard.edu/abs/2008A&A...478L..11W},
      adsnote = {Provided by the SAO/NASA Astrophysics Data System}
}



@ARTICLE{yang2019,
       author = {{Yang}, Huiqin and {Liu}, Jifeng},
        title = "{The Flare Catalog and the Flare Activity in the Kepler Mission}",
      journal = {\apjs},
     keywords = {stars: activity, stars: evolution, stars: flare, stars: rotation, stars: statistics, Astrophysics - Solar and Stellar Astrophysics},
         year = "2019",
        month = "Apr",
       volume = {241},
       number = {2},
          eid = {29},
        pages = {29},
          doi = {10.3847/1538-4365/ab0d28},
archivePrefix = {arXiv},
       eprint = {1903.01056},
 primaryClass = {astro-ph.SR},
       adsurl = {https://ui.adsabs.harvard.edu/abs/2019ApJS..241...29Y},
      adsnote = {Provided by the SAO/NASA Astrophysics Data System}
}



@ARTICLE{guenther2020,
       author = {{G{\"u}nther}, Maximilian N. and {Zhan}, Zhuchang and {Seager}, Sara and
         {Rimmer}, Paul B. and {Ranjan}, Sukrit and {Stassun}, Keivan G. and
         {Oelkers}, Ryan J. and {Daylan}, Tansu and {Newton}, Elisabeth and
         {Kristiansen}, Martti H. and {Olah}, Katalin and {Gillen}, Edward and
         {Rappaport}, Saul and {Ricker}, George R. and {Vanderspek}, Roland K. and
         {Latham}, David W. and {Winn}, Joshua N. and {Jenkins}, Jon M. and
         {Glidden}, Ana and {Fausnaugh}, Michael and {Levine}, Alan M. and
         {Dittmann}, Jason A. and {Quinn}, Samuel N. and
         {Krishnamurthy}, Akshata and {Ting}, Eric B.},
        title = "{Stellar Flares from the First TESS Data Release: Exploring a New Sample of M Dwarfs}",
      journal = {\aj},
     keywords = {Astrophysics - Earth and Planetary Astrophysics},
         year = "2020",
        month = "Feb",
       volume = {159},
       number = {2},
          eid = {60},
        pages = {60},
          doi = {10.3847/1538-3881/ab5d3a},
archivePrefix = {arXiv},
       eprint = {1901.00443},
 primaryClass = {astro-ph.EP},
       adsurl = {https://ui.adsabs.harvard.edu/abs/2020AJ....159...60G},
      adsnote = {Provided by the SAO/NASA Astrophysics Data System}
}



@ARTICLE{jackman2019,
       author = {{Jackman}, James A.~G. and {Wheatley}, Peter J. and {Bayliss}, Daniel and
         {Burleigh}, Matthew R. and {Casewell}, Sarah L. and
         {Eigm{\"u}ller}, Philipp and {Goad}, Mike R. and {Pollacco}, Don and
         {Raynard}, Liam and {Watson}, Christopher A. and {West}, Richard G.},
        title = "{Detection of a giant white-light flare on an L2.5 dwarf with the Next Generation Transit Survey}",
      journal = {\mnras},
     keywords = {stars: flare, stars: individual: ULAS J224940.13-011236.9, stars: low-mass, Astrophysics - Solar and Stellar Astrophysics},
         year = "2019",
        month = "May",
       volume = {485},
       number = {1},
        pages = {L136-L140},
          doi = {10.1093/mnrasl/slz039},
archivePrefix = {arXiv},
       eprint = {1902.00900},
 primaryClass = {astro-ph.SR},
       adsurl = {https://ui.adsabs.harvard.edu/abs/2019MNRAS.485L.136J},
      adsnote = {Provided by the SAO/NASA Astrophysics Data System}
}



@ARTICLE{berger2002,
       author = {{Berger}, E.},
        title = "{Flaring up All Over-Radio Activity in Rapidly Rotating Late M and L Dwarfs}",
      journal = {\apj},
     keywords = {Radiation Mechanisms: Nonthermal, Radio Continuum: Stars, Stars: Activity, Stars: Low-Mass, Brown Dwarfs, Stars: Magnetic Fields, Astrophysics},
         year = "2002",
        month = "Jun",
       volume = {572},
       number = {1},
        pages = {503-513},
          doi = {10.1086/340301},
archivePrefix = {arXiv},
       eprint = {astro-ph/0111317},
 primaryClass = {astro-ph},
       adsurl = {https://ui.adsabs.harvard.edu/abs/2002ApJ...572..503B},
      adsnote = {Provided by the SAO/NASA Astrophysics Data System}
}


@ARTICLE{gaiacollaboration2018,
       author = {{Gaia Collaboration} and {Brown}, A.~G.~A. and {Vallenari}, A. and
         {Prusti}, T. and {de Bruijne}, J.~H.~J. and {Babusiaux}, C. and
         {Bailer-Jones}, C.~A.~L. and {Biermann}, M. and {Evans}, D.~W. and
         {Eyer}, L. and {Jansen}, F. and {Jordi}, C. and {Klioner}, S.~A. and
         {Lammers}, U. and {Lindegren}, L. and {Luri}, X. and {Mignard}, F. and
         {Panem}, C. and {Pourbaix}, D. and {Randich}, S. and {Sartoretti}, P. and
         {Siddiqui}, H.~I. and {Soubiran}, C. and {van Leeuwen}, F. and
         {Walton}, N.~A. and {Arenou}, F. and {Bastian}, U. and {Cropper}, M. and
         {Drimmel}, R. and {Katz}, D. and {Lattanzi}, M.~G. and {Bakker}, J. and
         {Cacciari}, C. and {Casta{\~n}eda}, J. and {Chaoul}, L. and
         {Cheek}, N. and {De Angeli}, F. and {Fabricius}, C. and {Guerra}, R. and
         {Holl}, B. and {Masana}, E. and {Messineo}, R. and {Mowlavi}, N. and
         {Nienartowicz}, K. and {Panuzzo}, P. and {Portell}, J. and
         {Riello}, M. and {Seabroke}, G.~M. and {Tanga}, P. and
         {Th{\'e}venin}, F. and {Gracia-Abril}, G. and {Comoretto}, G. and
         {Garcia-Reinaldos}, M. and {Teyssier}, D. and {Altmann}, M. and
         {Andrae}, R. and {Audard}, M. and {Bellas-Velidis}, I. and
         {Benson}, K. and {Berthier}, J. and {Blomme}, R. and {Burgess}, P. and
         {Busso}, G. and {Carry}, B. and {Cellino}, A. and {Clementini}, G. and
         {Clotet}, M. and {Creevey}, O. and {Davidson}, M. and {De Ridder}, J. and
         {Delchambre}, L. and {Dell'Oro}, A. and {Ducourant}, C. and
         {Fern{\'a}ndez-Hern{\'a}ndez}, J. and {Fouesneau}, M. and
         {Fr{\'e}mat}, Y. and {Galluccio}, L. and {Garc{\'\i}a-Torres}, M. and
         {Gonz{\'a}lez-N{\'u}{\~n}ez}, J. and {Gonz{\'a}lez-Vidal}, J.~J. and
         {Gosset}, E. and {Guy}, L.~P. and {Halbwachs}, J. -L. and
         {Hambly}, N.~C. and {Harrison}, D.~L. and {Hern{\'a}ndez}, J. and
         {Hestroffer}, D. and {Hodgkin}, S.~T. and {Hutton}, A. and
         {Jasniewicz}, G. and {Jean-Antoine-Piccolo}, A. and {Jordan}, S. and
         {Korn}, A.~J. and {Krone-Martins}, A. and {Lanzafame}, A.~C. and
         {Lebzelter}, T. and {L{\"o}ffler}, W. and {Manteiga}, M. and
         {Marrese}, P.~M. and {Mart{\'\i}n-Fleitas}, J.~M. and {Moitinho}, A. and
         {Mora}, A. and {Muinonen}, K. and {Osinde}, J. and {Pancino}, E. and
         {Pauwels}, T. and {Petit}, J. -M. and {Recio-Blanco}, A. and
         {Richards}, P.~J. and {Rimoldini}, L. and {Robin}, A.~C. and
         {Sarro}, L.~M. and {Siopis}, C. and {Smith}, M. and {Sozzetti}, A. and
         {S{\"u}veges}, M. and {Torra}, J. and {van Reeven}, W. and {Abbas}, U. and
         {Abreu Aramburu}, A. and {Accart}, S. and {Aerts}, C. and
         {Altavilla}, G. and {{\'A}lvarez}, M.~A. and {Alvarez}, R. and
         {Alves}, J. and {Anderson}, R.~I. and {Andrei}, A.~H. and
         {Anglada Varela}, E. and {Antiche}, E. and {Antoja}, T. and
         {Arcay}, B. and {Astraatmadja}, T.~L. and {Bach}, N. and
         {Baker}, S.~G. and {Balaguer-N{\'u}{\~n}ez}, L. and {Balm}, P. and
         {Barache}, C. and {Barata}, C. and {Barbato}, D. and {Barblan}, F. and
         {Barklem}, P.~S. and {Barrado}, D. and {Barros}, M. and
         {Barstow}, M.~A. and {Bartholom{\'e} Mu{\~n}oz}, S. and
         {Bassilana}, J. -L. and {Becciani}, U. and {Bellazzini}, M. and
         {Berihuete}, A. and {Bertone}, S. and {Bianchi}, L. and
         {Bienaym{\'e}}, O. and {Blanco-Cuaresma}, S. and {Boch}, T. and
         {Boeche}, C. and {Bombrun}, A. and {Borrachero}, R. and {Bossini}, D. and
         {Bouquillon}, S. and {Bourda}, G. and {Bragaglia}, A. and
         {Bramante}, L. and {Breddels}, M.~A. and {Bressan}, A. and
         {Brouillet}, N. and {Br{\"u}semeister}, T. and {Brugaletta}, E. and
         {Bucciarelli}, B. and {Burlacu}, A. and {Busonero}, D. and
         {Butkevich}, A.~G. and {Buzzi}, R. and {Caffau}, E. and
         {Cancelliere}, R. and {Cannizzaro}, G. and {Cantat-Gaudin}, T. and
         {Carballo}, R. and {Carlucci}, T. and {Carrasco}, J.~M. and
         {Casamiquela}, L. and {Castellani}, M. and {Castro-Ginard}, A. and
         {Charlot}, P. and {Chemin}, L. and {Chiavassa}, A. and {Cocozza}, G. and
         {Costigan}, G. and {Cowell}, S. and {Crifo}, F. and {Crosta}, M. and
         {Crowley}, C. and {Cuypers}, J. and {Dafonte}, C. and {Damerdji}, Y. and
         {Dapergolas}, A. and {David}, P. and {David}, M. and {de Laverny}, P. and
         {De Luise}, F. and {De March}, R. and {de Martino}, D. and
         {de Souza}, R. and {de Torres}, A. and {Debosscher}, J. and
         {del Pozo}, E. and {Delbo}, M. and {Delgado}, A. and {Delgado}, H.~E. and
         {Di Matteo}, P. and {Diakite}, S. and {Diener}, C. and {Distefano}, E. and
         {Dolding}, C. and {Drazinos}, P. and {Dur{\'a}n}, J. and
         {Edvardsson}, B. and {Enke}, H. and {Eriksson}, K. and {Esquej}, P. and
         {Eynard Bontemps}, G. and {Fabre}, C. and {Fabrizio}, M. and
         {Faigler}, S. and {Falc{\~a}o}, A.~J. and {Farr{\`a}s Casas}, M. and
         {Federici}, L. and {Fedorets}, G. and {Fernique}, P. and
         {Figueras}, F. and {Filippi}, F. and {Findeisen}, K. and {Fonti}, A. and
         {Fraile}, E. and {Fraser}, M. and {Fr{\'e}zouls}, B. and {Gai}, M. and
         {Galleti}, S. and {Garabato}, D. and {Garc{\'\i}a-Sedano}, F. and
         {Garofalo}, A. and {Garralda}, N. and {Gavel}, A. and {Gavras}, P. and
         {Gerssen}, J. and {Geyer}, R. and {Giacobbe}, P. and {Gilmore}, G. and
         {Girona}, S. and {Giuffrida}, G. and {Glass}, F. and {Gomes}, M. and
         {Granvik}, M. and {Gueguen}, A. and {Guerrier}, A. and {Guiraud}, J. and
         {Guti{\'e}rrez-S{\'a}nchez}, R. and {Haigron}, R. and
         {Hatzidimitriou}, D. and {Hauser}, M. and {Haywood}, M. and
         {Heiter}, U. and {Helmi}, A. and {Heu}, J. and {Hilger}, T. and
         {Hobbs}, D. and {Hofmann}, W. and {Holland}, G. and {Huckle}, H.~E. and
         {Hypki}, A. and {Icardi}, V. and {Jan{\ss}en}, K. and
         {Jevardat de Fombelle}, G. and {Jonker}, P.~G. and
         {Juh{\'a}sz}, {\'A}. L. and {Julbe}, F. and {Karampelas}, A. and
         {Kewley}, A. and {Klar}, J. and {Kochoska}, A. and {Kohley}, R. and
         {Kolenberg}, K. and {Kontizas}, M. and {Kontizas}, E. and
         {Koposov}, S.~E. and {Kordopatis}, G. and {Kostrzewa-Rutkowska}, Z. and
         {Koubsky}, P. and {Lambert}, S. and {Lanza}, A.~F. and {Lasne}, Y. and
         {Lavigne}, J. -B. and {Le Fustec}, Y. and {Le Poncin-Lafitte}, C. and
         {Lebreton}, Y. and {Leccia}, S. and {Leclerc}, N. and
         {Lecoeur-Taibi}, I. and {Lenhardt}, H. and {Leroux}, F. and {Liao}, S. and
         {Licata}, E. and {Lindstr{\o}m}, H.~E.~P. and {Lister}, T.~A. and
         {Livanou}, E. and {Lobel}, A. and {L{\'o}pez}, M. and {Managau}, S. and
         {Mann}, R.~G. and {Mantelet}, G. and {Marchal}, O. and
         {Marchant}, J.~M. and {Marconi}, M. and {Marinoni}, S. and
         {Marschalk{\'o}}, G. and {Marshall}, D.~J. and {Martino}, M. and
         {Marton}, G. and {Mary}, N. and {Massari}, D. and
         {Matijevi{\v{c}}}, G. and {Mazeh}, T. and {McMillan}, P.~J. and
         {Messina}, S. and {Michalik}, D. and {Millar}, N.~R. and {Molina}, D. and
         {Molinaro}, R. and {Moln{\'a}r}, L. and {Montegriffo}, P. and
         {Mor}, R. and {Morbidelli}, R. and {Morel}, T. and {Morris}, D. and
         {Mulone}, A.~F. and {Muraveva}, T. and {Musella}, I. and
         {Nelemans}, G. and {Nicastro}, L. and {Noval}, L. and {O'Mullane}, W. and
         {Ord{\'e}novic}, C. and {Ord{\'o}{\~n}ez-Blanco}, D. and {Osborne}, P. and
         {Pagani}, C. and {Pagano}, I. and {Pailler}, F. and {Palacin}, H. and
         {Palaversa}, L. and {Panahi}, A. and {Pawlak}, M. and
         {Piersimoni}, A.~M. and {Pineau}, F. -X. and {Plachy}, E. and
         {Plum}, G. and {Poggio}, E. and {Poujoulet}, E. and {Pr{\v{s}}a}, A. and
         {Pulone}, L. and {Racero}, E. and {Ragaini}, S. and {Rambaux}, N. and
         {Ramos-Lerate}, M. and {Regibo}, S. and {Reyl{\'e}}, C. and
         {Riclet}, F. and {Ripepi}, V. and {Riva}, A. and {Rivard}, A. and
         {Rixon}, G. and {Roegiers}, T. and {Roelens}, M. and
         {Romero-G{\'o}mez}, M. and {Rowell}, N. and {Royer}, F. and
         {Ruiz-Dern}, L. and {Sadowski}, G. and {Sagrist{\`a} Sell{\'e}s}, T. and
         {Sahlmann}, J. and {Salgado}, J. and {Salguero}, E. and {Sanna}, N. and
         {Santana-Ros}, T. and {Sarasso}, M. and {Savietto}, H. and
         {Schultheis}, M. and {Sciacca}, E. and {Segol}, M. and
         {Segovia}, J.~C. and {S{\'e}gransan}, D. and {Shih}, I. -C. and
         {Siltala}, L. and {Silva}, A.~F. and {Smart}, R.~L. and {Smith}, K.~W. and
         {Solano}, E. and {Solitro}, F. and {Sordo}, R. and {Soria Nieto}, S. and
         {Souchay}, J. and {Spagna}, A. and {Spoto}, F. and {Stampa}, U. and
         {Steele}, I.~A. and {Steidelm{\"u}ller}, H. and {Stephenson}, C.~A. and
         {Stoev}, H. and {Suess}, F.~F. and {Surdej}, J. and {Szabados}, L. and
         {Szegedi-Elek}, E. and {Tapiador}, D. and {Taris}, F. and {Tauran}, G. and
         {Taylor}, M.~B. and {Teixeira}, R. and {Terrett}, D. and {Teyssand
        ier}, P. and {Thuillot}, W. and {Titarenko}, A. and {Torra Clotet}, F. and
         {Turon}, C. and {Ulla}, A. and {Utrilla}, E. and {Uzzi}, S. and
         {Vaillant}, M. and {Valentini}, G. and {Valette}, V. and
         {van Elteren}, A. and {Van Hemelryck}, E. and {van Leeuwen}, M. and
         {Vaschetto}, M. and {Vecchiato}, A. and {Veljanoski}, J. and
         {Viala}, Y. and {Vicente}, D. and {Vogt}, S. and {von Essen}, C. and
         {Voss}, H. and {Votruba}, V. and {Voutsinas}, S. and {Walmsley}, G. and
         {Weiler}, M. and {Wertz}, O. and {Wevers}, T. and {Wyrzykowski}, {\L}. and
         {Yoldas}, A. and {{\v{Z}}erjal}, M. and {Ziaeepour}, H. and
         {Zorec}, J. and {Zschocke}, S. and {Zucker}, S. and {Zurbach}, C. and
         {Zwitter}, T.},
        title = "{Gaia Data Release 2. Summary of the contents and survey properties}",
      journal = {\aap},
     keywords = {catalogs, astrometry, techniques: radial velocities, stars: fundamental parameters, stars: variables: general, minor planets, asteroids: general, Astrophysics - Astrophysics of Galaxies, Astrophysics - Instrumentation and Methods for Astrophysics},
         year = "2018",
        month = "Aug",
       volume = {616},
          eid = {A1},
        pages = {A1},
          doi = {10.1051/0004-6361/201833051},
archivePrefix = {arXiv},
       eprint = {1804.09365},
 primaryClass = {astro-ph.GA},
       adsurl = {https://ui.adsabs.harvard.edu/abs/2018A&A...616A...1G},
      adsnote = {Provided by the SAO/NASA Astrophysics Data System}
}



@ARTICLE{pugh2016,
       author = {{Pugh}, C.~E. and {Armstrong}, D.~J. and {Nakariakov}, V.~M. and
         {Broomhall}, A. -M.},
        title = "{Statistical properties of quasi-periodic pulsations in white-light flares observed with Kepler}",
      journal = {\mnras},
     keywords = {Sun: flares, Sun: oscillations, stars: activity, stars: coronae, stars: flare, stars: oscillations, Astrophysics - Solar and Stellar Astrophysics},
         year = "2016",
        month = "Jul",
       volume = {459},
       number = {4},
        pages = {3659-3676},
          doi = {10.1093/mnras/stw850},
archivePrefix = {arXiv},
       eprint = {1604.03018},
 primaryClass = {astro-ph.SR},
       adsurl = {https://ui.adsabs.harvard.edu/abs/2016MNRAS.459.3659P},
      adsnote = {Provided by the SAO/NASA Astrophysics Data System}
}

@ARTICLE{gnevyshev1977,
       author = {{Gnevyshev}, M.~N.},
        title = "{Essential features of the 11-year solar cycle.}",
      journal = {\solphys},
     keywords = {Solar Activity Effects, Solar Cycles, Sunspots, Twenty-Seven Day Variation, Auroras, Magnetic Disturbances, Solar Flares, Spectroheliographs, Solar Physics, Solar Activity:Cycles},
         year = "1977",
        month = "Feb",
       volume = {51},
       number = {1},
        pages = {175-183},
          doi = {10.1007/BF00240455},
       adsurl = {https://ui.adsabs.harvard.edu/abs/1977SoPh...51..175G},
      adsnote = {Provided by the SAO/NASA Astrophysics Data System}
}

@ARTICLE{zhang2007,
       author = {{Zhang}, L.~Y. and {Cui}, Y.~M. and {He}, Y.~L. and {He}, H. and
         {Du}, Z.~L. and {Li}, R. and {Wang}, H.~N.},
        title = "{Longitudinal distribution of major solar flares during 1975 2005}",
      journal = {Advances in Space Research},
         year = "2007",
        month = "Jan",
       volume = {40},
       number = {7},
        pages = {970-975},
          doi = {10.1016/j.asr.2006.12.052},
       adsurl = {https://ui.adsabs.harvard.edu/abs/2007AdSpR..40..970Z},
      adsnote = {Provided by the SAO/NASA Astrophysics Data System}
}





@ARTICLE{kowalski2013,
       author = {{Kowalski}, Adam F. and {Hawley}, Suzanne L. and {Wisniewski}, John P. and
         {Osten}, Rachel A. and {Hilton}, Eric J. and {Holtzman}, Jon A. and
         {Schmidt}, Sarah J. and {Davenport}, James R.~A.},
        title = "{Time-resolved Properties and Global Trends in dMe Flares from Simultaneous Photometry and Spectra}",
      journal = {\apjs},
     keywords = {stars: atmospheres, stars: flare, Astrophysics - Solar and Stellar Astrophysics},
         year = "2013",
        month = "Jul",
       volume = {207},
       number = {1},
          eid = {15},
        pages = {15},
          doi = {10.1088/0067-0049/207/1/15},
archivePrefix = {arXiv},
       eprint = {1307.2099},
 primaryClass = {astro-ph.SR},
       adsurl = {https://ui.adsabs.harvard.edu/abs/2013ApJS..207...15K},
      adsnote = {Provided by the SAO/NASA Astrophysics Data System}
}



@ARTICLE{pugh2015,
       author = {{Pugh}, C.~E. and {Nakariakov}, V.~M. and {Broomhall}, A. -M.},
        title = "{A Multi-period Oscillation in a Stellar Superflare}",
      journal = {\apjl},
     keywords = {stars: activity, stars: coronae, stars: flare, stars: oscillations, Sun: flares, Sun: oscillations, Astrophysics - Solar and Stellar Astrophysics},
         year = "2015",
        month = "Nov",
       volume = {813},
       number = {1},
          eid = {L5},
        pages = {L5},
          doi = {10.1088/2041-8205/813/1/L5},
archivePrefix = {arXiv},
       eprint = {1510.03613},
 primaryClass = {astro-ph.SR},
       adsurl = {https://ui.adsabs.harvard.edu/abs/2015ApJ...813L...5P},
      adsnote = {Provided by the SAO/NASA Astrophysics Data System}
}


@ARTICLE{anfinogentov2013,
       author = {{Anfinogentov}, S. and {Nakariakov}, V.~M. and {Mathioudakis}, M. and
         {Van Doorsselaere}, T. and {Kowalski}, A.~F.},
        title = "{The Decaying Long-period Oscillation of a Stellar Megaflare}",
      journal = {\apj},
     keywords = {stars: flare, stars: low-mass, stars: oscillations, Sun: oscillations},
         year = "2013",
        month = "Aug",
       volume = {773},
       number = {2},
          eid = {156},
        pages = {156},
          doi = {10.1088/0004-637X/773/2/156},
       adsurl = {https://ui.adsabs.harvard.edu/abs/2013ApJ...773..156A},
      adsnote = {Provided by the SAO/NASA Astrophysics Data System}
}


@ARTICLE{mclaughlin2018,
       author = {{McLaughlin}, J.~A. and {Nakariakov}, V.~M. and {Dominique}, M. and
         {Jel{\'\i}nek}, P. and {Takasao}, S.},
        title = "{Modelling Quasi-Periodic Pulsations in Solar and Stellar Flares}",
      journal = {\ssr},
     keywords = {QPPs, Quasi-periodic pulsations, Flares, Solar flares, Stellar flares, Astrophysics - Solar and Stellar Astrophysics},
         year = "2018",
        month = "Feb",
       volume = {214},
       number = {1},
          eid = {45},
        pages = {45},
          doi = {10.1007/s11214-018-0478-5},
archivePrefix = {arXiv},
       eprint = {1802.04180},
 primaryClass = {astro-ph.SR},
       adsurl = {https://ui.adsabs.harvard.edu/abs/2018SSRv..214...45M},
      adsnote = {Provided by the SAO/NASA Astrophysics Data System}
}




@ARTICLE{gizis2013,
       author = {{Gizis}, John E. and {Burgasser}, Adam J. and {Berger}, Edo and
         {Williams}, Peter K.~G. and {Vrba}, Frederick J. and {Cruz}, Kelle L. and
         {Metchev}, Stanimir},
        title = "{Kepler Monitoring of an L Dwarf I. The Photometric Period and White Light Flares}",
      journal = {\apj},
     keywords = {brown dwarfs, stars: activity, stars: flare, stars: individual: WISEP J190648.47+401106.8, starspots, Astrophysics - Solar and Stellar Astrophysics},
         year = "2013",
        month = "Dec",
       volume = {779},
       number = {2},
          eid = {172},
        pages = {172},
          doi = {10.1088/0004-637X/779/2/172},
archivePrefix = {arXiv},
       eprint = {1310.5940},
 primaryClass = {astro-ph.SR},
       adsurl = {https://ui.adsabs.harvard.edu/abs/2013ApJ...779..172G},
      adsnote = {Provided by the SAO/NASA Astrophysics Data System}
}

@book{lambert1892,
  title={Photometrie: Photometria, sive De mensura et gradibus luminis, colorum et umbrae (1760)},
  author={Lambert, Johann Heinrich},
  volume={31},
  year={1892},
  publisher={W. Engelmann}
}

@ARTICLE{davenport2014,
       author = {{Davenport}, James R.~A. and {Hawley}, Suzanne L. and {Hebb}, Leslie and
         {Wisniewski}, John P. and {Kowalski}, Adam F. and {Johnson}, Emily C. and
         {Malatesta}, Michael and {Peraza}, Jesus and {Keil}, Marcus and
         {Silverberg}, Steven M. and {Jansen}, Tiffany C. and
         {Scheffler}, Matthew S. and {Berdis}, Jodi R. and {Larsen}, Daniel M. and
         {Hilton}, Eric J.},
        title = "{Kepler Flares. II. The Temporal Morphology of White-light Flares on GJ 1243}",
      journal = {\apj},
     keywords = {stars: activity, stars: flare, stars: low-mass, Astrophysics - Solar and Stellar Astrophysics},
         year = "2014",
        month = "Dec",
       volume = {797},
       number = {2},
          eid = {122},
        pages = {122},
          doi = {10.1088/0004-637X/797/2/122},
archivePrefix = {arXiv},
       eprint = {1411.3723},
 primaryClass = {astro-ph.SR},
       adsurl = {https://ui.adsabs.harvard.edu/abs/2014ApJ...797..122D},
      adsnote = {Provided by the SAO/NASA Astrophysics Data System}
}


@ARTICLE{silverberg2016,
       author = {{Silverberg}, Steven M. and {Kowalski}, Adam F. and
         {Davenport}, James R.~A. and {Wisniewski}, John P. and
         {Hawley}, Suzanne L. and {Hilton}, Eric J.},
        title = "{Kepler Flares. IV. A Comprehensive Analysis of the Activity of the dM4e Star GJ 1243}",
      journal = {\apj},
     keywords = {stars: activity, stars: flare, stars: late-type, stars: low-mass, Astrophysics - Solar and Stellar Astrophysics},
         year = "2016",
        month = "Oct",
       volume = {829},
       number = {2},
          eid = {129},
        pages = {129},
          doi = {10.3847/0004-637X/829/2/129},
archivePrefix = {arXiv},
       eprint = {1607.03886},
 primaryClass = {astro-ph.SR},
       adsurl = {https://ui.adsabs.harvard.edu/abs/2016ApJ...829..129S},
      adsnote = {Provided by the SAO/NASA Astrophysics Data System}
}



@ARTICLE{gizis2017,
       author = {{Gizis}, John E. and {Paudel}, Rishi R. and {Schmidt}, Sarah J. and
         {Williams}, Peter K.~G. and {Burgasser}, Adam J.},
        title = "{K2 Ultracool Dwarfs Survey. I. Photometry of an L Dwarf Superflare}",
      journal = {\apj},
     keywords = {stars: activity, stars: chromospheres, stars: flare, stars: individual: SDSSp J005406.55-003101.8, stars: low-mass, Astrophysics - Solar and Stellar Astrophysics},
         year = "2017",
        month = "Mar",
       volume = {838},
       number = {1},
          eid = {22},
        pages = {22},
          doi = {10.3847/1538-4357/aa6197},
archivePrefix = {arXiv},
       eprint = {1611.07080},
 primaryClass = {astro-ph.SR},
       adsurl = {https://ui.adsabs.harvard.edu/abs/2017ApJ...838...22G},
      adsnote = {Provided by the SAO/NASA Astrophysics Data System}
}



@ARTICLE{gizis2017b,
       author = {{Gizis}, John E. and {Paudel}, Rishi R. and {Mullan}, Dermott and
         {Schmidt}, Sarah J. and {Burgasser}, Adam J. and
         {Williams}, Peter K.~G.},
        title = "{K2 Ultracool Dwarfs Survey. II. The White Light Flare Rate of Young Brown Dwarfs}",
      journal = {\apj},
     keywords = {brown dwarfs, stars: activity, stars: flare, stars: individual: 2MASS J03350208+2342356, 2MASS J03552337+1133437, starspots, Astrophysics - Solar and Stellar Astrophysics},
         year = "2017",
        month = "Aug",
       volume = {845},
       number = {1},
          eid = {33},
        pages = {33},
          doi = {10.3847/1538-4357/aa7da0},
archivePrefix = {arXiv},
       eprint = {1703.08745},
 primaryClass = {astro-ph.SR},
       adsurl = {https://ui.adsabs.harvard.edu/abs/2017ApJ...845...33G},
      adsnote = {Provided by the SAO/NASA Astrophysics Data System}
}



@ARTICLE{paudel2019,
       author = {{Paudel}, R.~R. and {Gizis}, J.~E. and {Mullan}, D.~J. and
         {Schmidt}, S.~J. and {Burgasser}, A.~J. and {Williams}, P.~K.~G. and
         {Youngblood}, A. and {Stassun}, K.~G.},
        title = "{K2 Ultracool Dwarfs Survey - V. High superflare rates on rapidly rotating late-M dwarfs}",
      journal = {\mnras},
     keywords = {stars: activity, stars: flare, stars: individual: (2MASS J08371832+2050349, 2MASS J08315742+2042213, 2MASS J08312608+2244586, TRAPPIST-1), stars: low-mass, Astrophysics - Solar and Stellar Astrophysics},
         year = "2019",
        month = "Jun",
       volume = {486},
       number = {1},
        pages = {1438-1447},
          doi = {10.1093/mnras/stz886},
archivePrefix = {arXiv},
       eprint = {1812.07631},
 primaryClass = {astro-ph.SR},
       adsurl = {https://ui.adsabs.harvard.edu/abs/2019MNRAS.486.1438P},
      adsnote = {Provided by the SAO/NASA Astrophysics Data System}
}

@ARTICLE{tovmassian2003,
       author = {{Tovmassian}, H.~M. and {Zalinian}, V.~P. and {Silant'ev}, N.~A. and
         {Cardona}, O. and {Chavez}, M.},
        title = "{The unified phenomenological model of light curves of stellar flares}",
      journal = {\aap},
     keywords = {stars: general},
         year = "2003",
        month = "Feb",
       volume = {399},
        pages = {647-651},
          doi = {10.1051/0004-6361:20021754},
       adsurl = {https://ui.adsabs.harvard.edu/abs/2003A&A...399..647T},
      adsnote = {Provided by the SAO/NASA Astrophysics Data System}
}



@ARTICLE{uchida1968,
       author = {{Uchida}, Yutaka},
        title = "{Propagation of Hydromagnetic Disturbances in the Solar Corona and Moreton's Wave Phenomenon}",
      journal = {\solphys},
         year = "1968",
        month = "May",
       volume = {4},
       number = {1},
        pages = {30-44},
          doi = {10.1007/BF00146996},
       adsurl = {https://ui.adsabs.harvard.edu/abs/1968SoPh....4...30U},
      adsnote = {Provided by the SAO/NASA Astrophysics Data System}
}

@ARTICLE{alvaradogomez2018,
       author = {{Alvarado-G{\'o}mez}, Juli{\'a}n D. and {Drake}, Jeremy J. and
         {Cohen}, Ofer and {Moschou}, Sofia P. and {Garraffo}, Cecilia},
        title = "{Suppression of Coronal Mass Ejections in Active Stars by an Overlying Large-scale Magnetic Field: A Numerical Study}",
      journal = {\apj},
     keywords = {magnetohydrodynamics: MHD, methods: numerical, stars: activity, stars: magnetic field, stars: winds, outflows, Sun: coronal mass ejections: CMEs, Astrophysics - Solar and Stellar Astrophysics},
         year = "2018",
        month = "Aug",
       volume = {862},
       number = {2},
          eid = {93},
        pages = {93},
          doi = {10.3847/1538-4357/aacb7f},
archivePrefix = {arXiv},
       eprint = {1806.02828},
 primaryClass = {astro-ph.SR},
       adsurl = {https://ui.adsabs.harvard.edu/abs/2018ApJ...862...93A},
      adsnote = {Provided by the SAO/NASA Astrophysics Data System}
}

@ARTICLE{skinner1997,
       author = {{Skinner}, Stephen L. and {Guedel}, Manuel and {Koyama}, Katsuji and
         {Yamauchi}, Shigeo},
        title = "{ASCA Observations of the Barnard 209 Dark Cloud and an Intense X-Ray Flare on V773 Tauri}",
      journal = {\apj},
     keywords = {ISM: Individual: Alphanumeric: L1495, Stars: Coronae, Stars: Individual: Henry Draper Number: HD 283447, stars: individual (V773 Tau), stars: pre-main-sequence -- X-rays: stars, Stellar Flares, X Ray Astronomy, Magnetic Clouds, Plasma Decay, T Tauri Stars, Astronomical Models, Stellar Coronas, Stellar Luminosity, Stellar Spectra, Light Curve, Stellar Occultation, Coronal Loops, Space Radiation},
         year = "1997",
        month = "Sep",
       volume = {486},
       number = {2},
        pages = {886-902},
          doi = {10.1086/304561},
       adsurl = {https://ui.adsabs.harvard.edu/abs/1997ApJ...486..886S},
      adsnote = {Provided by the SAO/NASA Astrophysics Data System}
}

@ARTICLE{stelzer1999,
       author = {{Stelzer}, B. and {Neuh{\"a}user}, R. and {Casanova}, S. and
         {Montmerle}, T.},
        title = "{Rotational modulation of X-ray flares on late-type stars: T Tauri stars and Algol}",
      journal = {\aap},
     keywords = {X-RAYS: STARS, STARS: ROTATION, STARS: LATE-TYPE, STARS: INDIVIDUAL: SR 13, P1724, V773 TAU, ALGOL, STARS: FLARE, Astrophysics},
         year = "1999",
        month = "Apr",
       volume = {344},
        pages = {154-162},
archivePrefix = {arXiv},
       eprint = {astro-ph/9901317},
 primaryClass = {astro-ph},
       adsurl = {https://ui.adsabs.harvard.edu/abs/1999A&A...344..154S},
      adsnote = {Provided by the SAO/NASA Astrophysics Data System}
}

@ARTICLE{montmerle2000,
       author = {{Montmerle}, Thierry and {Grosso}, Nicolas and {Tsuboi}, Yohko and
         {Koyama}, Katsuji},
        title = "{Rotation and X-Ray Emission from Protostars}",
      journal = {\apj},
     keywords = {STARS: FLARE, STARS: INDIVIDUAL: ALPHANUMERIC: YLW 15, STARS: INDIVIDUAL: ALPHANUMERIC: WL 6, STARS: MAGNETIC FIELDS, STARS: PRE-MAIN-SEQUENCE, STARS: ROTATION, X-RAYS: STARS, Astrophysics},
         year = "2000",
        month = "Apr",
       volume = {532},
       number = {2},
        pages = {1097-1110},
          doi = {10.1086/308611},
archivePrefix = {arXiv},
       eprint = {astro-ph/9911379},
 primaryClass = {astro-ph},
       adsurl = {https://ui.adsabs.harvard.edu/abs/2000ApJ...532.1097M},
      adsnote = {Provided by the SAO/NASA Astrophysics Data System}
}


@ARTICLE{johnstone2012,
       author = {{Johnstone}, C.~P. and {Gregory}, S.~G. and {Jardine}, M.~M. and
         {Getman}, K.~V.},
        title = "{The soft X-ray light curves of partially eclipsed stellar flares}",
      journal = {\mnras},
     keywords = {surveys, stars: coronae, stars: flare, stars: rotation, X-rays: bursts, Astrophysics - Solar and Stellar Astrophysics},
         year = "2012",
        month = "Jan",
       volume = {419},
       number = {1},
        pages = {29-38},
          doi = {10.1111/j.1365-2966.2011.19666.x},
archivePrefix = {arXiv},
       eprint = {1108.3999},
 primaryClass = {astro-ph.SR},
       adsurl = {https://ui.adsabs.harvard.edu/abs/2012MNRAS.419...29J},
      adsnote = {Provided by the SAO/NASA Astrophysics Data System}
}


@ARTICLE{peterson2010,
       author = {{Peterson}, W.~M. and {Mutel}, R.~L. and {G{\"u}del}, M. and
         {Goss}, W.~M.},
        title = "{A large coronal loop in the Algol system}",
      journal = {\nat},
         year = "2010",
        month = "Jan",
       volume = {463},
       number = {7278},
        pages = {207-209},
          doi = {10.1038/nature08643},
       adsurl = {https://ui.adsabs.harvard.edu/abs/2010Natur.463..207P},
      adsnote = {Provided by the SAO/NASA Astrophysics Data System}
}



@ARTICLE{schmidt2016,
       author = {{Schmidt}, Sarah J. and {Shappee}, Benjamin J. and
         {Gagn{\'e}}, Jonathan and {Stanek}, K.~Z. and {Prieto}, Jos{\'e} L. and
         {Holoien}, Thomas W. -S. and {Kochanek}, C.~S. and {Chomiuk}, Laura and
         {Dong}, Subo and {Seibert}, Mark and {Strader}, Jay},
        title = "{ASASSN-16ae: A Powerful White-light Flare on an Early-L Dwarf}",
      journal = {\apjl},
     keywords = {brown dwarfs, stars: chromospheres, stars: flare, stars: individual: SDSS J053341.43+001413.1, stars: low-mass, Astrophysics - Solar and Stellar Astrophysics},
         year = "2016",
        month = "Sep",
       volume = {828},
       number = {2},
          eid = {L22},
        pages = {L22},
          doi = {10.3847/2041-8205/828/2/L22},
archivePrefix = {arXiv},
       eprint = {1605.04313},
 primaryClass = {astro-ph.SR},
       adsurl = {https://ui.adsabs.harvard.edu/abs/2016ApJ...828L..22S},
      adsnote = {Provided by the SAO/NASA Astrophysics Data System}
}



@ARTICLE{paudel2018,
       author = {{Paudel}, Rishi R. and {Gizis}, John E. and {Mullan}, D.~J. and
         {Schmidt}, Sarah J. and {Burgasser}, Adam J. and
         {Williams}, Peter K.~G. and {Berger}, Edo},
        title = "{K2 Ultracool Dwarfs Survey. III. White Light Flares Are Ubiquitous in M6-L0 Dwarfs}",
      journal = {\apj},
     keywords = {stars: activity, stars: flare, stars: individual: 2MASS J12321827-0951502, TRAPPIST-1, Astrophysics - Solar and Stellar Astrophysics},
         year = "2018",
        month = "May",
       volume = {858},
       number = {1},
          eid = {55},
        pages = {55},
          doi = {10.3847/1538-4357/aab8fe},
archivePrefix = {arXiv},
       eprint = {1803.07708},
 primaryClass = {astro-ph.SR},
       adsurl = {https://ui.adsabs.harvard.edu/abs/2018ApJ...858...55P},
      adsnote = {Provided by the SAO/NASA Astrophysics Data System}
}


@ARTICLE{borucki2010,
       author = {{Borucki}, William J. and {Koch}, David and {Basri}, Gibor and
         {Batalha}, Natalie and {Brown}, Timothy and {Caldwell}, Douglas and
         {Caldwell}, John and {Christensen-Dalsgaard}, J{\o}rgen and
         {Cochran}, William D. and {DeVore}, Edna and {Dunham}, Edward W. and
         {Dupree}, Andrea K. and {Gautier}, Thomas N. and {Geary}, John C. and
         {Gilliland}, Ronald and {Gould}, Alan and {Howell}, Steve B. and
         {Jenkins}, Jon M. and {Kondo}, Yoji and {Latham}, David W. and
         {Marcy}, Geoffrey W. and {Meibom}, S{\o}ren and {Kjeldsen}, Hans and
         {Lissauer}, Jack J. and {Monet}, David G. and {Morrison}, David and
         {Sasselov}, Dimitar and {Tarter}, Jill and {Boss}, Alan and
         {Brownlee}, Don and {Owen}, Toby and {Buzasi}, Derek and
         {Charbonneau}, David and {Doyle}, Laurance and {Fortney}, Jonathan and
         {Ford}, Eric B. and {Holman}, Matthew J. and {Seager}, Sara and
         {Steffen}, Jason H. and {Welsh}, William F. and {Rowe}, Jason and
         {Anderson}, Howard and {Buchhave}, Lars and {Ciardi}, David and
         {Walkowicz}, Lucianne and {Sherry}, William and {Horch}, Elliott and
         {Isaacson}, Howard and {Everett}, Mark E. and {Fischer}, Debra and
         {Torres}, Guillermo and {Johnson}, John Asher and {Endl}, Michael and
         {MacQueen}, Phillip and {Bryson}, Stephen T. and {Dotson}, Jessie and
         {Haas}, Michael and {Kolodziejczak}, Jeffrey and {Van Cleve}, Jeffrey and
         {Chandrasekaran}, Hema and {Twicken}, Joseph D. and
         {Quintana}, Elisa V. and {Clarke}, Bruce D. and {Allen}, Christopher and
         {Li}, Jie and {Wu}, Haley and {Tenenbaum}, Peter and
         {Verner}, Ekaterina and {Bruhweiler}, Frederick and {Barnes}, Jason and
         {Prsa}, Andrej},
        title = "{Kepler Planet-Detection Mission: Introduction and First Results}",
      journal = {Science},
     keywords = {ASTRONOMY},
         year = "2010",
        month = "Feb",
       volume = {327},
       number = {5968},
        pages = {977},
          doi = {10.1126/science.1185402},
       adsurl = {https://ui.adsabs.harvard.edu/abs/2010Sci...327..977B},
      adsnote = {Provided by the SAO/NASA Astrophysics Data System}
}



@ARTICLE{howell2014,
       author = {{Howell}, Steve B. and {Sobeck}, Charlie and {Haas}, Michael and
         {Still}, Martin and {Barclay}, Thomas and {Mullally}, Fergal and
         {Troeltzsch}, John and {Aigrain}, Suzanne and {Bryson}, Stephen T. and
         {Caldwell}, Doug and {Chaplin}, William J. and {Cochran}, William D. and
         {Huber}, Daniel and {Marcy}, Geoffrey W. and {Miglio}, Andrea and
         {Najita}, Joan R. and {Smith}, Marcie and {Twicken}, J.~D. and
         {Fortney}, Jonathan J.},
        title = "{The K2 Mission: Characterization and Early Results}",
      journal = {\pasp},
     keywords = {Astrophysics - Instrumentation and Methods for Astrophysics, Astrophysics - Earth and Planetary Astrophysics},
         year = "2014",
        month = "Apr",
       volume = {126},
       number = {938},
        pages = {398},
          doi = {10.1086/676406},
archivePrefix = {arXiv},
       eprint = {1402.5163},
 primaryClass = {astro-ph.IM},
       adsurl = {https://ui.adsabs.harvard.edu/abs/2014PASP..126..398H},
      adsnote = {Provided by the SAO/NASA Astrophysics Data System}
}



@ARTICLE{gardner2006,
       author = {{Gardner}, Jonathan P. and {Mather}, John C. and {Clampin}, Mark and
         {Doyon}, Rene and {Greenhouse}, Matthew A. and {Hammel}, Heidi B. and
         {Hutchings}, John B. and {Jakobsen}, Peter and {Lilly}, Simon J. and
         {Long}, Knox S. and {Lunine}, Jonathan I. and {McCaughrean}, Mark J. and
         {Mountain}, Matt and {Nella}, John and {Rieke}, George H. and
         {Rieke}, Marcia J. and {Rix}, Hans-Walter and {Smith}, Eric P. and
         {Sonneborn}, George and {Stiavelli}, Massimo and {Stockman}, H.~S. and
         {Windhorst}, Rogier A. and {Wright}, Gillian S.},
        title = "{The James Webb Space Telescope}",
      journal = {\ssr},
     keywords = {galaxies: formation, infrared: general, planetary systems, space vehicles: instruments, stars: formation, Astrophysics},
         year = "2006",
        month = "Apr",
       volume = {123},
       number = {4},
        pages = {485-606},
          doi = {10.1007/s11214-006-8315-7},
archivePrefix = {arXiv},
       eprint = {astro-ph/0606175},
 primaryClass = {astro-ph},
       adsurl = {https://ui.adsabs.harvard.edu/abs/2006SSRv..123..485G},
      adsnote = {Provided by the SAO/NASA Astrophysics Data System}
}



@ARTICLE{ricker2015,
       author = {{Ricker}, George R. and {Winn}, Joshua N. and {Vanderspek}, Roland and
         {Latham}, David W. and {Bakos}, G{\'a}sp{\'a}r {\'A}. and
         {Bean}, Jacob L. and {Berta-Thompson}, Zachory K. and
         {Brown}, Timothy M. and {Buchhave}, Lars and {Butler}, Nathaniel R. and
         {Butler}, R. Paul and {Chaplin}, William J. and {Charbonneau}, David and
         {Christensen-Dalsgaard}, J{\o}rgen and {Clampin}, Mark and
         {Deming}, Drake and {Doty}, John and {De Lee}, Nathan and
         {Dressing}, Courtney and {Dunham}, Edward W. and {Endl}, Michael and
         {Fressin}, Francois and {Ge}, Jian and {Henning}, Thomas and
         {Holman}, Matthew J. and {Howard}, Andrew W. and {Ida}, Shigeru and
         {Jenkins}, Jon M. and {Jernigan}, Garrett and {Johnson}, John Asher and
         {Kaltenegger}, Lisa and {Kawai}, Nobuyuki and {Kjeldsen}, Hans and
         {Laughlin}, Gregory and {Levine}, Alan M. and {Lin}, Douglas and
         {Lissauer}, Jack J. and {MacQueen}, Phillip and {Marcy}, Geoffrey and
         {McCullough}, Peter R. and {Morton}, Timothy D. and {Narita}, Norio and
         {Paegert}, Martin and {Palle}, Enric and {Pepe}, Francesco and
         {Pepper}, Joshua and {Quirrenbach}, Andreas and {Rinehart}, Stephen A. and
         {Sasselov}, Dimitar and {Sato}, Bun'ei and {Seager}, Sara and
         {Sozzetti}, Alessandro and {Stassun}, Keivan G. and {Sullivan}, Peter and
         {Szentgyorgyi}, Andrew and {Torres}, Guillermo and {Udry}, Stephane and
         {Villasenor}, Joel},
        title = "{Transiting Exoplanet Survey Satellite (TESS)}",
      journal = {Journal of Astronomical Telescopes, Instruments, and Systems},
         year = "2015",
        month = "Jan",
       volume = {1},
          eid = {014003},
        pages = {014003},
          doi = {10.1117/1.JATIS.1.1.014003},
       adsurl = {https://ui.adsabs.harvard.edu/abs/2015JATIS...1a4003R},
      adsnote = {Provided by the SAO/NASA Astrophysics Data System}
}



@ARTICLE{zhan2019,
       author = {{Zhan}, Z. and {G{\"u}nther}, M.~N. and {Rappaport}, S. and
         {Ol{\'a}h}, K. and {Mann}, A. and {Levine}, A.~M. and {Winn}, J. and
         {Dai}, F. and {Zhou}, G. and {Huang}, Chelsea X. and {Bouma}, L.~G. and
         {Ireland}, M.~J. and {Ricker}, G. and {Vanderspek}, R. and
         {Latham}, D. and {Seager}, S. and {Jenkins}, J. and {Caldwell}, D.~A. and
         {Doty}, J.~P. and {Essack}, Z. and {Furesz}, G. and {Leidos}, M.~E.~R. and
         {Rowden}, P. and {Smith}, J.~C. and {Stassun}, K.~G. and {Vezie}, M.},
        title = "{Complex Rotational Modulation of Rapidly Rotating M Stars Observed with TESS}",
      journal = {\apj},
     keywords = {circumstellar matter, stars: flare, stars: low-mass, stars: pre-main sequence, stars: variables: general, starspots, Astrophysics - Solar and Stellar Astrophysics},
         year = "2019",
        month = "May",
       volume = {876},
       number = {2},
          eid = {127},
        pages = {127},
          doi = {10.3847/1538-4357/ab158c},
archivePrefix = {arXiv},
       eprint = {1903.02061},
 primaryClass = {astro-ph.SR},
       adsurl = {https://ui.adsabs.harvard.edu/abs/2019ApJ...876..127Z},
      adsnote = {Provided by the SAO/NASA Astrophysics Data System}
}


@ARTICLE{vida2019,
       author = {{Vida}, Kriszti{\'a}n and {Ol{\'a}h}, Katalin and
         {K{\H{o}}v{\'a}ri}, Zsolt and {van Driel-Gesztelyi}, Lidia and
         {Mo{\'o}r}, Attila and {P{\'a}l}, Andr{\'a}s},
        title = "{Flaring Activity of Proxima Centauri from TESS Observations: Quasiperiodic Oscillations during Flare Decay and Inferences on the Habitability of Proxima b}",
      journal = {\apj},
     keywords = {Stellar activity, Stellar atmospheres, Optical flares, Stellar flares, Low mass stars, Late-type stars, M stars, Habitable zone, Planet hosting stars, Habitable planets, Astrophysics - Solar and Stellar Astrophysics},
         year = "2019",
        month = "Oct",
       volume = {884},
       number = {2},
          eid = {160},
        pages = {160},
          doi = {10.3847/1538-4357/ab41f5},
archivePrefix = {arXiv},
       eprint = {1907.12580},
 primaryClass = {astro-ph.SR},
       adsurl = {https://ui.adsabs.harvard.edu/abs/2019ApJ...884..160V},
      adsnote = {Provided by the SAO/NASA Astrophysics Data System}
}


@ARTICLE{roettenbacher2018,
       author = {{Roettenbacher}, Rachael M. and {Vida}, Kriszti{\'a}n},
        title = "{The Connection between Starspots and Flares on Main-sequence Kepler Stars}",
      journal = {\apj},
     keywords = {stars: activity, stars: flare, stars: variables: general, starspots, Astrophysics - Solar and Stellar Astrophysics},
         year = "2018",
        month = "Nov",
       volume = {868},
       number = {1},
          eid = {3},
        pages = {3},
          doi = {10.3847/1538-4357/aae77e},
archivePrefix = {arXiv},
       eprint = {1810.04762},
 primaryClass = {astro-ph.SR},
       adsurl = {https://ui.adsabs.harvard.edu/abs/2018ApJ...868....3R},
      adsnote = {Provided by the SAO/NASA Astrophysics Data System}
}



@ARTICLE{doyle2018,
       author = {{Doyle}, L. and {Ramsay}, G. and {Doyle}, J.~G. and {Wu}, K. and
         {Scullion}, E.},
        title = "{Investigating the rotational phase of stellar flares on M dwarfs using K2 short cadence data}",
      journal = {\mnras},
     keywords = {stars: activity, stars: flare, stars: low-mass, stars: magnetic field, Astrophysics - Solar and Stellar Astrophysics},
         year = "2018",
        month = "Oct",
       volume = {480},
       number = {2},
        pages = {2153-2164},
          doi = {10.1093/mnras/sty1963},
archivePrefix = {arXiv},
       eprint = {1807.08592},
 primaryClass = {astro-ph.SR},
       adsurl = {https://ui.adsabs.harvard.edu/abs/2018MNRAS.480.2153D},
      adsnote = {Provided by the SAO/NASA Astrophysics Data System}
}

@ARTICLE{schmidt2014,
       author = {{Schmidt}, Sarah J. and {Prieto}, Jose L. and {Stanek}, K.~Z. and
         {Shappee}, Benjamin J. and {Morrell}, Nidia and
         {Bardalez Gagliuffi}, Daniella C. and {Kochanek}, C.~S. and
         {Jencson}, J. and {Holoien}, T.~W. -S. and {Basu}, U. and
         {Beacom}, John F. and {Szczygie{\l}}, D.~M. and {Pojmanski}, G. and
         {Brimacombe}, J. and {Dubberley}, M. and {Elphick}, M. and {Foale}, S. and
         {Hawkins}, E. and {Mullins}, D. and {Rosing}, W. and {Ross}, R. and
         {Walker}, Z.},
        title = "{Characterizing a Dramatic {\ensuremath{\Delta}}V \raisebox{-0.5ex}\textasciitilde -9 Flare on an Ultracool Dwarf Found by the ASAS-SN Survey}",
      journal = {\apjl},
     keywords = {brown dwarfs, stars: chromospheres, stars: flare, stars: individual: SDSS J022116.84+194020.4, stars: low-mass, Astrophysics - Solar and Stellar Astrophysics},
         year = "2014",
        month = "Feb",
       volume = {781},
       number = {2},
          eid = {L24},
        pages = {L24},
          doi = {10.1088/2041-8205/781/2/L24},
archivePrefix = {arXiv},
       eprint = {1310.4515},
 primaryClass = {astro-ph.SR},
       adsurl = {https://ui.adsabs.harvard.edu/abs/2014ApJ...781L..24S},
      adsnote = {Provided by the SAO/NASA Astrophysics Data System}
}

@ARTICLE{kirkpatrick1997,
       author = {{Kirkpatrick}, J. Davy and {Henry}, Todd J. and {Irwin}, Michael J.},
        title = "{Ultra-Cool M Dwarfs Discovered by QSO Surveys.I: The APM Objects}",
      journal = {\aj},
         year = "1997",
        month = "Apr",
       volume = {113},
        pages = {1421-1428},
          doi = {10.1086/118357},
       adsurl = {https://ui.adsabs.harvard.edu/abs/1997AJ....113.1421K},
      adsnote = {Provided by the SAO/NASA Astrophysics Data System}
}


@article{pecaut2013,
  title = {Intrinsic {{Colors}}, {{Temperatures}}, and {{Bolometric Corrections}} of {{Pre}}-{{Main}}-{{Sequence Stars}}},
  volume = {208},
  issn = {0067-0049, 1538-4365},
  doi = {10.1088/0067-0049/208/1/9},
  timestamp = {2018-04-10T07:02:17Z},
  number = {1},
  urldate = {2018-04-10},
  journal = {\apjs},
  author = {Pecaut, Mark J. and Mamajek, Eric E.},
  month = sep,
  year = {2013},
  pages = {9},
  file = {Pecaut_2013_ApJS_208_9.pdf:/media/ekaterina/OS/Users/Katja/Documents/Astro/Literature/Cool Stars and Magnetic Activity/Pecaut_2013_ApJS_208_9.pdf:application/pdf}
}

@article{Skrutskie2006,
    Abstract = {Between 1997 June and 2001 February the Two Micron All Sky Survey (2MASS) collected 25.4 Tbytes of raw imaging data covering 99.998% of the celestial sphere in the near-infrared J (1.25 mum), H (1.65 mum), and Ks (2.16 mum) bandpasses. Observations were conducted from two dedicated 1.3 m diameter telescopes located at Mount Hopkins, Arizona, and Cerro Tololo, Chile. The 7.8 s of integration time accumulated for each point on the sky and strict quality control yielded a 10 sigma point-source detection level of better than 15.8, 15.1, and 14.3 mag at the J, H, and Ks bands, respectively, for virtually the entire sky. Bright source extractions have 1 sigma photometric uncertainty of <0.03 mag and astrometric accuracy of order 100 mas. Calibration offsets between any two points in the sky are <0.02 mag. The 2MASS All-Sky Data Release includes 4.1 million compressed FITS images covering the entire sky, 471 million source extractions in a Point Source Catalog, and 1.6 million objects identified as extended in an Extended Source Catalog.},
 Adsnote = {Provided by the SAO/NASA Astrophysics Data System},
Adsurl = {http://adsabs.harvard.edu/abs/2006AJ....131.1163S},
Author = {{Skrutskie}, M.~F. and {Cutri}, R.~M. and {Stiening}, R. and {Weinberg}, M.~D. and {Schneider}, S. and {Carpenter}, J.~M. and {Beichman}, C. and {Capps}, R. and {Chester}, T. and {Elias}, J. and {Huchra}, J. and {Liebert}, J. and {Lonsdale}, C. and {Monet}, D.~G. and {Price}, S. and {Seitzer}, P. and {Jarrett}, T. and {Kirkpatrick}, J.~D. and {Gizis}, J.~E. and {Howard}, E. and {Evans}, T. and {Fowler}, J. and {Fullmer}, L. and {Hurt}, R. and {Light}, R. and {Kopan}, E.~L. and {Marsh}, K.~A. and {McCallon}, H.~L. and {Tam}, R. and {Van Dyk}, S. and {Wheelock}, S.},
Doi = {10.1086/498708},
Journal = {\aj},
Keywords = {Catalogs, Infrared: General, Surveys},
Month = feb,
Pages = {1163-1183},
Title = {{The Two Micron All Sky Survey (2MASS)}},
Volume = 131,
Year = 2006
}

@ARTICLE{gaiacollaboration2016,
       author = {{Gaia Collaboration} and {Prusti}, T. and {de Bruijne}, J.~H.~J. and
         {Brown}, A.~G.~A. and {Vallenari}, A. and {Babusiaux}, C. and
         {Bailer-Jones}, C.~A.~L. and {Bastian}, U. and {Biermann}, M. and
         {Evans}, D.~W. and {Eyer}, L. and {Jansen}, F. and {Jordi}, C. and
         {Klioner}, S.~A. and {Lammers}, U. and {Lindegren}, L. and {Luri}, X. and
         {Mignard}, F. and {Milligan}, D.~J. and {Panem}, C. and
         {Poinsignon}, V. and {Pourbaix}, D. and {Randich}, S. and {Sarri}, G. and
         {Sartoretti}, P. and {Siddiqui}, H.~I. and {Soubiran}, C. and
         {Valette}, V. and {van Leeuwen}, F. and {Walton}, N.~A. and
         {Aerts}, C. and {Arenou}, F. and {Cropper}, M. and {Drimmel}, R. and
         {H{\o}g}, E. and {Katz}, D. and {Lattanzi}, M.~G. and {O'Mullane}, W. and
         {Grebel}, E.~K. and {Holland}, A.~D. and {Huc}, C. and {Passot}, X. and
         {Bramante}, L. and {Cacciari}, C. and {Casta{\~n}eda}, J. and
         {Chaoul}, L. and {Cheek}, N. and {De Angeli}, F. and {Fabricius}, C. and
         {Guerra}, R. and {Hern{\'a}ndez}, J. and {Jean-Antoine-Piccolo}, A. and
         {Masana}, E. and {Messineo}, R. and {Mowlavi}, N. and
         {Nienartowicz}, K. and {Ord{\'o}{\~n}ez-Blanco}, D. and {Panuzzo}, P. and
         {Portell}, J. and {Richards}, P.~J. and {Riello}, M. and
         {Seabroke}, G.~M. and {Tanga}, P. and {Th{\'e}venin}, F. and
         {Torra}, J. and {Els}, S.~G. and {Gracia-Abril}, G. and
         {Comoretto}, G. and {Garcia-Reinaldos}, M. and {Lock}, T. and
         {Mercier}, E. and {Altmann}, M. and {Andrae}, R. and
         {Astraatmadja}, T.~L. and {Bellas-Velidis}, I. and {Benson}, K. and
         {Berthier}, J. and {Blomme}, R. and {Busso}, G. and {Carry}, B. and
         {Cellino}, A. and {Clementini}, G. and {Cowell}, S. and {Creevey}, O. and
         {Cuypers}, J. and {Davidson}, M. and {De Ridder}, J. and
         {de Torres}, A. and {Delchambre}, L. and {Dell'Oro}, A. and
         {Ducourant}, C. and {Fr{\'e}mat}, Y. and {Garc{\'\i}a-Torres}, M. and
         {Gosset}, E. and {Halbwachs}, J. -L. and {Hambly}, N.~C. and
         {Harrison}, D.~L. and {Hauser}, M. and {Hestroffer}, D. and
         {Hodgkin}, S.~T. and {Huckle}, H.~E. and {Hutton}, A. and
         {Jasniewicz}, G. and {Jordan}, S. and {Kontizas}, M. and {Korn}, A.~J. and
         {Lanzafame}, A.~C. and {Manteiga}, M. and {Moitinho}, A. and
         {Muinonen}, K. and {Osinde}, J. and {Pancino}, E. and {Pauwels}, T. and
         {Petit}, J. -M. and {Recio-Blanco}, A. and {Robin}, A.~C. and
         {Sarro}, L.~M. and {Siopis}, C. and {Smith}, M. and {Smith}, K.~W. and
         {Sozzetti}, A. and {Thuillot}, W. and {van Reeven}, W. and {Viala}, Y. and
         {Abbas}, U. and {Abreu Aramburu}, A. and {Accart}, S. and
         {Aguado}, J.~J. and {Allan}, P.~M. and {Allasia}, W. and
         {Altavilla}, G. and {{\'A}lvarez}, M.~A. and {Alves}, J. and
         {Anderson}, R.~I. and {Andrei}, A.~H. and {Anglada Varela}, E. and
         {Antiche}, E. and {Antoja}, T. and {Ant{\'o}n}, S. and {Arcay}, B. and
         {Atzei}, A. and {Ayache}, L. and {Bach}, N. and {Baker}, S.~G. and
         {Balaguer-N{\'u}{\~n}ez}, L. and {Barache}, C. and {Barata}, C. and
         {Barbier}, A. and {Barblan}, F. and {Baroni}, M. and
         {Barrado y Navascu{\'e}s}, D. and {Barros}, M. and {Barstow}, M.~A. and
         {Becciani}, U. and {Bellazzini}, M. and {Bellei}, G. and
         {Bello Garc{\'\i}a}, A. and {Belokurov}, V. and {Bendjoya}, P. and
         {Berihuete}, A. and {Bianchi}, L. and {Bienaym{\'e}}, O. and
         {Billebaud}, F. and {Blagorodnova}, N. and {Blanco-Cuaresma}, S. and
         {Boch}, T. and {Bombrun}, A. and {Borrachero}, R. and {Bouquillon}, S. and
         {Bourda}, G. and {Bouy}, H. and {Bragaglia}, A. and {Breddels}, M.~A. and
         {Brouillet}, N. and {Br{\"u}semeister}, T. and {Bucciarelli}, B. and
         {Budnik}, F. and {Burgess}, P. and {Burgon}, R. and {Burlacu}, A. and
         {Busonero}, D. and {Buzzi}, R. and {Caffau}, E. and {Cambras}, J. and
         {Campbell}, H. and {Cancelliere}, R. and {Cantat-Gaudin}, T. and
         {Carlucci}, T. and {Carrasco}, J.~M. and {Castellani}, M. and
         {Charlot}, P. and {Charnas}, J. and {Charvet}, P. and {Chassat}, F. and
         {Chiavassa}, A. and {Clotet}, M. and {Cocozza}, G. and
         {Collins}, R.~S. and {Collins}, P. and {Costigan}, G. and {Crifo}, F. and
         {Cross}, N.~J.~G. and {Crosta}, M. and {Crowley}, C. and {Dafonte}, C. and
         {Damerdji}, Y. and {Dapergolas}, A. and {David}, P. and {David}, M. and
         {De Cat}, P. and {de Felice}, F. and {de Laverny}, P. and
         {De Luise}, F. and {De March}, R. and {de Martino}, D. and
         {de Souza}, R. and {Debosscher}, J. and {del Pozo}, E. and {Delbo}, M. and
         {Delgado}, A. and {Delgado}, H.~E. and {di Marco}, F. and
         {Di Matteo}, P. and {Diakite}, S. and {Distefano}, E. and
         {Dolding}, C. and {Dos Anjos}, S. and {Drazinos}, P. and
         {Dur{\'a}n}, J. and {Dzigan}, Y. and {Ecale}, E. and {Edvardsson}, B. and
         {Enke}, H. and {Erdmann}, M. and {Escolar}, D. and {Espina}, M. and
         {Evans}, N.~W. and {Eynard Bontemps}, G. and {Fabre}, C. and
         {Fabrizio}, M. and {Faigler}, S. and {Falc{\~a}o}, A.~J. and
         {Farr{\`a}s Casas}, M. and {Faye}, F. and {Federici}, L. and
         {Fedorets}, G. and {Fern{\'a}ndez-Hern{\'a}ndez}, J. and
         {Fernique}, P. and {Fienga}, A. and {Figueras}, F. and {Filippi}, F. and
         {Findeisen}, K. and {Fonti}, A. and {Fouesneau}, M. and {Fraile}, E. and
         {Fraser}, M. and {Fuchs}, J. and {Furnell}, R. and {Gai}, M. and
         {Galleti}, S. and {Galluccio}, L. and {Garabato}, D. and
         {Garc{\'\i}a-Sedano}, F. and {Gar{\'e}}, P. and {Garofalo}, A. and
         {Garralda}, N. and {Gavras}, P. and {Gerssen}, J. and {Geyer}, R. and
         {Gilmore}, G. and {Girona}, S. and {Giuffrida}, G. and {Gomes}, M. and
         {Gonz{\'a}lez-Marcos}, A. and {Gonz{\'a}lez-N{\'u}{\~n}ez}, J. and
         {Gonz{\'a}lez-Vidal}, J.~J. and {Granvik}, M. and {Guerrier}, A. and
         {Guillout}, P. and {Guiraud}, J. and {G{\'u}rpide}, A. and
         {Guti{\'e}rrez-S{\'a}nchez}, R. and {Guy}, L.~P. and {Haigron}, R. and
         {Hatzidimitriou}, D. and {Haywood}, M. and {Heiter}, U. and
         {Helmi}, A. and {Hobbs}, D. and {Hofmann}, W. and {Holl}, B. and {Holland
        }, G. and {Hunt}, J.~A.~S. and {Hypki}, A. and {Icardi}, V. and
         {Irwin}, M. and {Jevardat de Fombelle}, G. and {Jofr{\'e}}, P. and
         {Jonker}, P.~G. and {Jorissen}, A. and {Julbe}, F. and
         {Karampelas}, A. and {Kochoska}, A. and {Kohley}, R. and
         {Kolenberg}, K. and {Kontizas}, E. and {Koposov}, S.~E. and
         {Kordopatis}, G. and {Koubsky}, P. and {Kowalczyk}, A. and
         {Krone-Martins}, A. and {Kudryashova}, M. and {Kull}, I. and
         {Bachchan}, R.~K. and {Lacoste-Seris}, F. and {Lanza}, A.~F. and
         {Lavigne}, J. -B. and {Le Poncin-Lafitte}, C. and {Lebreton}, Y. and
         {Lebzelter}, T. and {Leccia}, S. and {Leclerc}, N. and
         {Lecoeur-Taibi}, I. and {Lemaitre}, V. and {Lenhardt}, H. and
         {Leroux}, F. and {Liao}, S. and {Licata}, E. and
         {Lindstr{\o}m}, H.~E.~P. and {Lister}, T.~A. and {Livanou}, E. and
         {Lobel}, A. and {L{\"o}ffler}, W. and {L{\'o}pez}, M. and
         {Lopez-Lozano}, A. and {Lorenz}, D. and {Loureiro}, T. and
         {MacDonald}, I. and {Magalh{\~a}es Fernandes}, T. and {Managau}, S. and
         {Mann}, R.~G. and {Mantelet}, G. and {Marchal}, O. and
         {Marchant}, J.~M. and {Marconi}, M. and {Marie}, J. and {Marinoni}, S. and
         {Marrese}, P.~M. and {Marschalk{\'o}}, G. and {Marshall}, D.~J. and
         {Mart{\'\i}n-Fleitas}, J.~M. and {Martino}, M. and {Mary}, N. and
         {Matijevi{\v{c}}}, G. and {Mazeh}, T. and {McMillan}, P.~J. and
         {Messina}, S. and {Mestre}, A. and {Michalik}, D. and {Millar}, N.~R. and
         {Miranda}, B.~M.~H. and {Molina}, D. and {Molinaro}, R. and
         {Molinaro}, M. and {Moln{\'a}r}, L. and {Moniez}, M. and
         {Montegriffo}, P. and {Monteiro}, D. and {Mor}, R. and {Mora}, A. and
         {Morbidelli}, R. and {Morel}, T. and {Morgenthaler}, S. and
         {Morley}, T. and {Morris}, D. and {Mulone}, A.~F. and {Muraveva}, T. and
         {Musella}, I. and {Narbonne}, J. and {Nelemans}, G. and {Nicastro}, L. and
         {Noval}, L. and {Ord{\'e}novic}, C. and {Ordieres-Mer{\'e}}, J. and
         {Osborne}, P. and {Pagani}, C. and {Pagano}, I. and {Pailler}, F. and
         {Palacin}, H. and {Palaversa}, L. and {Parsons}, P. and {Paulsen}, T. and
         {Pecoraro}, M. and {Pedrosa}, R. and {Pentik{\"a}inen}, H. and
         {Pereira}, J. and {Pichon}, B. and {Piersimoni}, A.~M. and
         {Pineau}, F. -X. and {Plachy}, E. and {Plum}, G. and {Poujoulet}, E. and
         {Pr{\v{s}}a}, A. and {Pulone}, L. and {Ragaini}, S. and {Rago}, S. and
         {Rambaux}, N. and {Ramos-Lerate}, M. and {Ranalli}, P. and {Rauw}, G. and
         {Read}, A. and {Regibo}, S. and {Renk}, F. and {Reyl{\'e}}, C. and
         {Ribeiro}, R.~A. and {Rimoldini}, L. and {Ripepi}, V. and {Riva}, A. and
         {Rixon}, G. and {Roelens}, M. and {Romero-G{\'o}mez}, M. and
         {Rowell}, N. and {Royer}, F. and {Rudolph}, A. and {Ruiz-Dern}, L. and
         {Sadowski}, G. and {Sagrist{\`a} Sell{\'e}s}, T. and {Sahlmann}, J. and
         {Salgado}, J. and {Salguero}, E. and {Sarasso}, M. and {Savietto}, H. and
         {Schnorhk}, A. and {Schultheis}, M. and {Sciacca}, E. and {Segol}, M. and
         {Segovia}, J.~C. and {Segransan}, D. and {Serpell}, E. and
         {Shih}, I. -C. and {Smareglia}, R. and {Smart}, R.~L. and {Smith}, C. and
         {Solano}, E. and {Solitro}, F. and {Sordo}, R. and {Soria Nieto}, S. and
         {Souchay}, J. and {Spagna}, A. and {Spoto}, F. and {Stampa}, U. and
         {Steele}, I.~A. and {Steidelm{\"u}ller}, H. and {Stephenson}, C.~A. and
         {Stoev}, H. and {Suess}, F.~F. and {S{\"u}veges}, M. and {Surdej}, J. and
         {Szabados}, L. and {Szegedi-Elek}, E. and {Tapiador}, D. and
         {Taris}, F. and {Tauran}, G. and {Taylor}, M.~B. and {Teixeira}, R. and
         {Terrett}, D. and {Tingley}, B. and {Trager}, S.~C. and {Turon}, C. and
         {Ulla}, A. and {Utrilla}, E. and {Valentini}, G. and {van Elteren}, A. and
         {Van Hemelryck}, E. and {van Leeuwen}, M. and {Varadi}, M. and
         {Vecchiato}, A. and {Veljanoski}, J. and {Via}, T. and {Vicente}, D. and
         {Vogt}, S. and {Voss}, H. and {Votruba}, V. and {Voutsinas}, S. and
         {Walmsley}, G. and {Weiler}, M. and {Weingrill}, K. and {Werner}, D. and
         {Wevers}, T. and {Whitehead}, G. and {Wyrzykowski}, {\L}. and
         {Yoldas}, A. and {{\v{Z}}erjal}, M. and {Zucker}, S. and {Zurbach}, C. and
         {Zwitter}, T. and {Alecu}, A. and {Allen}, M. and {Allende Prieto}, C. and
         {Amorim}, A. and {Anglada-Escud{\'e}}, G. and {Arsenijevic}, V. and
         {Azaz}, S. and {Balm}, P. and {Beck}, M. and {Bernstein}, H. -H. and
         {Bigot}, L. and {Bijaoui}, A. and {Blasco}, C. and {Bonfigli}, M. and
         {Bono}, G. and {Boudreault}, S. and {Bressan}, A. and {Brown}, S. and
         {Brunet}, P. -M. and {Bunclark}, P. and {Buonanno}, R. and
         {Butkevich}, A.~G. and {Carret}, C. and {Carrion}, C. and {Chemin}, L. and
         {Ch{\'e}reau}, F. and {Corcione}, L. and {Darmigny}, E. and
         {de Boer}, K.~S. and {de Teodoro}, P. and {de Zeeuw}, P.~T. and
         {Delle Luche}, C. and {Domingues}, C.~D. and {Dubath}, P. and
         {Fodor}, F. and {Fr{\'e}zouls}, B. and {Fries}, A. and {Fustes}, D. and
         {Fyfe}, D. and {Gallardo}, E. and {Gallegos}, J. and {Gardiol}, D. and
         {Gebran}, M. and {Gomboc}, A. and {G{\'o}mez}, A. and {Grux}, E. and
         {Gueguen}, A. and {Heyrovsky}, A. and {Hoar}, J. and {Iannicola}, G. and
         {Isasi Parache}, Y. and {Janotto}, A. -M. and {Joliet}, E. and
         {Jonckheere}, A. and {Keil}, R. and {Kim}, D. -W. and {Klagyivik}, P. and
         {Klar}, J. and {Knude}, J. and {Kochukhov}, O. and {Kolka}, I. and
         {Kos}, J. and {Kutka}, A. and {Lainey}, V. and {LeBouquin}, D. and
         {Liu}, C. and {Loreggia}, D. and {Makarov}, V.~V. and
         {Marseille}, M.~G. and {Martayan}, C. and {Martinez-Rubi}, O. and
         {Massart}, B. and {Meynadier}, F. and {Mignot}, S. and {Munari}, U. and
         {Nguyen}, A. -T. and {Nordlander}, T. and {Ocvirk}, P. and
         {O'Flaherty}, K.~S. and {Olias Sanz}, A. and {Ortiz}, P. and
         {Osorio}, J. and {Oszkiewicz}, D. and {Ouzounis}, A. and {Palmer}, M. and
         {Park}, P. and {Pasquato}, E. and {Peltzer}, C. and {Peralta}, J. and
         {P{\'e}turaud}, F. and {Pieniluoma}, T. and {Pigozzi}, E. and
         {Poels}, J. and {Prat}, G. and {Prod'homme}, T. and {Raison}, F. and
         {Rebordao}, J.~M. and {Risquez}, D. and {Rocca-Volmerange}, B. and
         {Rosen}, S. and {Ruiz-Fuertes}, M.~I. and {Russo}, F. and {Sembay}, S. and
         {Serraller Vizcaino}, I. and {Short}, A. and {Siebert}, A. and
         {Silva}, H. and {Sinachopoulos}, D. and {Slezak}, E. and {Soffel}, M. and
         {Sosnowska}, D. and {Strai{\v{z}}ys}, V. and {ter Linden}, M. and
         {Terrell}, D. and {Theil}, S. and {Tiede}, C. and {Troisi}, L. and
         {Tsalmantza}, P. and {Tur}, D. and {Vaccari}, M. and {Vachier}, F. and
         {Valles}, P. and {Van Hamme}, W. and {Veltz}, L. and {Virtanen}, J. and
         {Wallut}, J. -M. and {Wichmann}, R. and {Wilkinson}, M.~I. and
         {Ziaeepour}, H. and {Zschocke}, S.},
        title = "{The Gaia mission}",
      journal = {\aap},
     keywords = {space vehicles: instruments, Galaxy: structure, astrometry, parallaxes, proper motions, telescopes, Astrophysics - Instrumentation and Methods for Astrophysics},
         year = "2016",
        month = "Nov",
       volume = {595},
          eid = {A1},
        pages = {A1},
          doi = {10.1051/0004-6361/201629272},
archivePrefix = {arXiv},
       eprint = {1609.04153},
 primaryClass = {astro-ph.IM},
       adsurl = {https://ui.adsabs.harvard.edu/abs/2016A&A...595A...1G},
      adsnote = {Provided by the SAO/NASA Astrophysics Data System}
}

@article{Dupuy2012,
Abstract = {We present the first results from our high-precision infrared (IR) astrometry program at the Canada-France-Hawaii Telescope. We measure parallaxes for 83 ultracool dwarfs (spectral types M6-T9) in 49 systems, with a median uncertainty of 1.1 mas (2.3%) and as good as 0.7 mas (0.8%). We provide the first parallaxes for 48 objects in 29 systems, and for another 27 objects in 17 systems, we significantly improve upon published results, with a median (best) improvement of 1.7 times (5 times). Three systems show astrometric perturbations indicative of orbital motion; two are known binaries (2MASS J0518-2828AB and 2MASS J1404-3159AB) and one is spectrally peculiar (SDSS J0805+4812). In addition, we present here a large set of Keck adaptive optics imaging that more than triples the number of binaries with L6-T5 components that have both multi-band photometry and distances. Our data enable an unprecedented look at the photometric properties of brown dwarfs as they cool through the L/T transition. Going from âL8 to âT4.5, flux in the Y and J bands increases by â0.7 mag and â0.5 mag, respectively (the Y- and J-band "bumps"), while flux in the H, K, and L' bands declines monotonically. This wavelength dependence is consistent with cloud clearing over a narrow range of temperature, since condensate opacity is expected to dominate at 1.0-1.3 ÎŒm. Interestingly, despite more than doubling the near-IR census of L/T transition objects, we find a conspicuous paucity of objects on the color-magnitude diagram just blueward of the late-L/early-T sequence. This "L/T gap" occurs at (J - H)MKO = 0.1-0.3 mag, (J - K)MKO = 0.0-0.4 mag, and implies that the last phases of cloud evolution occur rapidly. Finally, we provide a comprehensive update to the absolute magnitudes of ultracool dwarfs as a function of spectral type using a combined sample of 314 objects.},
Adsnote = {Provided by the SAO/NASA Astrophysics Data System},
Adsurl = {http://adsabs.harvard.edu/abs/2012ApJS..201...19D},
Archiveprefix = {arXiv},
Author = {{Dupuy}, T.~J. and {Liu}, M.~C.},
Doi = {10.1088/0067-0049/201/2/19},
Eid = {19},
Eprint = {1201.2465},
Journal = {\apjs},
Keywords = {astrometry, brown dwarfs, infrared: stars, parallaxes, proper motions, stars: low-mass},
Month = aug,
Pages = {19},
Primaryclass = {astro-ph.SR},
Title = {{The Hawaii Infrared Parallax Program. I. Ultracool Binaries and the L/T Transition}},
Volume = 201,
Year = 2012
}

@article{Schmidt2014a,
	Abstract = {We present optical template spectra, bolometric corrections, and Ï values for ultracool dwarfs. The templates are based on spectra from the Sloan Digital Sky Survey (SDSS) and the Astrophysical Research Consortium 3.5 m telescope. The spectral features and overall shape of the L dwarf templates are consistent with previous spectroscopic standards and the templates have a radial velocity precision of Ë10-20 km s-1. We calculate bolometric fluxes (accurate to 10-20%) for 101 late-M and L dwarfs from SDSS, 2MASS, and WISE photometry, SDSS spectra, and BT-Settl model spectra. We find that the z-band and J-band bolometric corrections for late-M and L dwarfs have a strong correlation with z-J and J-KScolors, respectively. The new Ï values, which can be used to convert HÎ± equivalent widths to activity strength, are based on spectrophotometrically calibrated SDSS spectra and the new bolometric fluxes. While the measured Ï values have typical uncertainties of Ë20%, ultracool dwarf models show the continuum surrounding HÎ± can vary by up to an order of magnitude with changing surface gravity. Our semiempirical Ï values are one to two orders of magnitude larger than previous Ï values for mid-to-late L dwarfs, indicating that the upper limits for HÎ± activity strength on the coolest L dwarfs have been underestimated.},
	Adsnote = {Provided by the SAO/NASA Astrophysics Data System},
	Adsurl = {http://adsabs.harvard.edu/abs/2014PASP..126..642S},
	Archiveprefix = {arXiv},
	Author = {{Schmidt}, S.~J. and {West}, A.~A. and {Bochanski}, J.~J. and {Hawley}, S.~L. and {Kielty}, C.},
	Date-Added = {2015-05-12 15:27:07 +0000},
	Date-Modified = {2015-05-12 15:27:41 +0000},
	Doi = {10.1086/677403},
	Eprint = {1406.1228},
	Journal = {\pasp},
	Keywords = {Stars},
	Month = jul,
	Pages = {642-659},
	Primaryclass = {astro-ph.SR},
	Title = {{Calibrating Ultracool Dwarfs: Optical Template Spectra, Bolometric Corrections, and {$\chi$} Values}},
	Volume = 126,
	Year = 2014
}

@article{Bochanski2007,
	Abstract = {We present template spectra of low-mass (M0-L0) dwarfs derived from over 4000 Sloan Digital Sky Survey spectra. These composite spectra are suitable for use as medium-resolution (R~1800) radial velocity standards. We report mean spectral properties (molecular band-head strengths, equivalent widths) and use the templates to investigate the effects of magnetic activity and metallicity on the spectroscopic and photometric properties of low-mass stars.},
	Adsnote = {Provided by the SAO/NASA Astrophysics Data System},
	Adsurl = {http://adsabs.harvard.edu/abs/2007AJ....133..531B},
	Author = {{Bochanski}, J.~J. and {West}, A.~A. and {Hawley}, S.~L. and {Covey}, K.~R.},
	Date-Added = {2011-06-03 23:00:02 -0700},
	Date-Modified = {2011-06-03 23:05:27 -0700},
	Doi = {10.1086/510240},
	Eprint = {arXiv:astro-ph/0610639},
	Journal = {\aj},
	Keywords = {stars: activity, stars: fundamental parameters, stars: late-type, stars: low-mass, brown dwarfs},
	Month = feb,
	Pages = {531-544},
	Title = {{Low-Mass Dwarf Template Spectra from the Sloan Digital Sky Survey}},
	Volume = 133,
	Year = 2007
}

@article{Mann2015,
	Abstract = {Precise and accurate parameters for late-type (late K and M) dwarf stars are important for characterization of any orbiting planets, but such determinations have been hampered by these stars' complex spectra and dissimilarity to the Sun. We exploit an empirically calibrated method to estimate spectroscopic effective temperature (Teff) and the Stefan--Boltzmann law to determine radii of 183 nearby K7--M7 single stars with a precision of 2%--5%. Our improved stellar parameters enable us to develop model-independent relations between Teff or absolute magnitude and radius, as well as between color and Teff. The derived Teff--radius relation depends strongly on [Fe/H], as predicted by theory. The relation between absolute KS magnitude and radius can predict radii accurate to 3%. We derive bolometric corrections to the V{{R}C}{{I}C}grizJH{{K}S} and Gaia passbands as a function of color, accurate to 1%--3%. We confront the reliability of predictions from Dartmouth stellar evolution models using a Markov chain Monte Carlo to find the values of unobservable model parameters (mass, age) that best reproduce the observed effective temperature and bolometric flux while satisfying constraints on distance and metallicity as Bayesian priors. With the inferred masses we derive a semi-empirical mass--absolute magnitude relation with a scatter of 2% in mass. The best-agreement models overpredict stellar Teff values by an average of 2.2% and underpredict stellar radii by 4.6%, similar to differences with values from low-mass eclipsing binaries. These differences are not correlated with metallicity, mass, or indicators of activity, suggesting issues with the underlying model assumptions, e.g., opacities or convective mixing length.},
	Adsnote = {Provided by the SAO/NASA Astrophysics Data System},
	Adsurl = {http://adsabs.harvard.edu/abs/2015ApJ...804...64M},
	Archiveprefix = {arXiv},
	Author = {{Mann}, A.~W. and {Feiden}, G.~A. and {Gaidos}, E. and {Boyajian}, T. and {von Braun}, K.},
	Doi = {10.1088/0004-637X/804/1/64},
	Eid = {64},
	Eprint = {1501.01635},
	Journal = {\apj},
	Keywords = {planetary systems, stars: abundances, stars: fundamental parameters, stars: late-type, stars: low-mass, stars: statistics},
	Month = may,
	Pages = {64},
	Primaryclass = {astro-ph.SR},
	Title = {{How to Constrain Your M Dwarf: Measuring Effective Temperature, Bolometric Luminosity, Mass, and Radius}},
	Volume = 804,
	Year = 2015
}
